2848 4928
301 394 341 461 36

348 531 401 590 Sed
423 536 492 589 vicit
514 535 653 588 sententia
671 530 704 589 t..
722 531 824 589 Marcii
843 530 985 608 Philippi,
1012 529 1124 604 (consul
1142 536 1189 608 qui
1208 531 1309 592 iuerat

202 645 205 658 ·
294 625 319 666 a.
337 629 365 666 u.
384 627 408 667 c.
429 609 617 683 nebitttt.);
648 608 765 682 lepidus
792 615 866 663 enim
891 611 980 665 hostia
1009 624 1142 676 ateuatu
1161 611 1309 666 iudicatus

291 703 321 740 et
342 685 370 742 S.
401 687 430 740 C.
453 683 581 751 iactum,
610 699 639 737 ut
661 685 732 757 App.
758 683 889 740 Claudius
919 690 1039 738 interrex
1058 702 1121 738 cum
1141 688 1177 756 Q.
1200 687 1309 741 Catulo

258 781 266 806 t
292 779 343 834 pro
363 759 474 814 mutuis
494 773 523 811 et
542 763 663 827 ceteris,
682 759 782 830 quibus
802 764 950 832 imperium
970 774 1059 826 esset,
1077 759 1140 812 urbi
1160 760 1306 834 praesidio

292 850 364 890 esset
382 851 548 964 queramqqq
568 832 662 962 diret.
691 833 814 962 nfiquid
832 836 1017 962 resbpublica⁵
1029 833 1190 962 deqrqqaeuti
1210 852 1306 962 caqu-

291 927 380 1041 ἱίῗ...
398 923 724 1058 “diluendis
742 923 1305 1056 31:2²⁶,.tr{‘.;⁵¹;‚2.t..iiim}

292 1063 388 1114 omisit
407 1073 451 1126 ct,
470 1063 570 1111 iterum
594 1056 701 1132 proelio
721 1063 827 1124 victus,
853 1058 963 1124 Cosam,
983 1064 1154 1122 maritimam
1173 1061 1303 1131 Etruriae

291 1135 405 1200 urbem,
425 1150 455 1186 ss
475 1137 590 1205 recepit.
630 1133 711 1188 Unde
727 1133 824 1207 paullo
844 1147 905 1206 post
925 1137 955 1186 iu
975 1133 1131 1187 Sardiniam
1151 1150 1302 1208 transgres-

202 1257 205 1262 .
291 1224 338 1265 sut
358 1224 385 1264 et
405 1213 480 1282 gravi
498 1208 598 1262 morbo
619 1225 765 1283 oppressus
785 1208 867 1265 obiit.
905 1207 948 1263 Ex
966 1209 1141 1266 Gsuaaeuro.

355 1360 383 1428 §.
401 1360 428 1412 2.
440 1321 612 1426 brutorum]
632 1361 776 1431 sequentis
795 1361 862 1411 anni
882 1358 972 1426 (677.)
993 1339 1136 1432 consulem
1155 1356 1294 1436 siguificat
1400 1407 1401 1434 ,

292 1433 329 1489 D.
348 1436 459 1489 lunium
480 1433 614 1500 Brutum,
633 1430 666 1486 de
688 1449 743 1505 quo
763 1429 816 1487 cfr.
835 1432 995 1486 Cic.‘Brut.
1010 1431 1060 1491 47.
1079 1449 1130 1507 pro
1151 1432 1243 1489 tabu.
1272 1441 1300 1494 7.

184 1509 187 1520 ’
293 1506 330 1561 ad
348 1511 410 1564 Att·
429 1511 480 1574 12,
501 1512 547 1562 22.
570 1537 601 1550 -
623 1509 822 1578 Aemiliorum]
842 1508 938 1561 Etiam
956 1507 987 1563 b.
1006 1506 1026 1562 l.
1054 1508 1196 1561 consulem
1224 1507 1297 1564 desi·
1355 1504 1359 1514 ’
1400 1541 1401 1546 =

293 1599 410 1658 gnatum
429 1581 584 1654 significare
598 1582 726 1654 videtur,
742 1582 917 1654 Mamercum
931 1582 1080 1636 Aemilium
1097 1582 1233 1655 Lepidum
1251 1587 1299 1637 Li-

293 1663 422 1726 viauum,
462 1657 593 1712 atruslem
612 1675 712 1728 suum,
741 1675 824 1731 quem
843 1656 880 1710 ob
899 1661 1016 1710 nimiam
1028 1661 1227 1730 parsimoniam
1245 1677 1299 1715 uo-

292 1748 335 1789 tat
354 1735 414 1788 Cic.
434 1675 467 1785 dle
487 1730 567 1788 otio.
588 1739 625 1800 2,
655 1739 716 1796 tie
742 1748 808 1786 nam
828 1739 939 1806 propter
959 1737 1090 1788 avaritiae
1108 1737 1298 1806 suspicionem

292 1808 432 1881 repulsam
452 1811 482 1858 iu
504 1807 649 1861 consulatu
669 1805 790 1880 petendo
810 1806 919 1867 tulerat.
939 1837 977 1850 -
995 1806 1183 1874 Lrstutiorum]
1206 1809 1297 1862 Colle·

293 1897 358 1956 gam
377 1878 526 1952 intelligit,
548 1881 582 1950 Q.
605 1882 750 1934 Lutatium
772 1879 919 1950 Catulum,
938 1881 1086 1935 clarissimi
1099 1887 1184 1954 patris
1198 1883 1297 1950 lilium,

294 1963 331 2025 in,
343 1959 421 2010 cuius
448 1953 575 2009 laudibus
595 1955 773 2012 celebrandis
793 1955 896 2010 multus
916 1970 956 2009 est
976 1957 1075 2010 Cicero
1094 1961 1123 2010 iu
1142 1958 1298 2014 Maniliana

294 2032 413 2104 aliisque
430 2028 512 2088 locis.
549 2031 700 2087 Gartacu.

351 2183 376 2250 §.
394 2186 423 2244 5.
449 2200 570 2236 scaevus
596 2187 651 2236 ists
670 2181 812 2254 Romulus]
834 2182 942 2238 Servius
963 2182 997 2237 ad
1015 2186 1091 2258 virg.
1110 2183 1170 2238 Ecl.
1190 2187 1225 2251 5,
1248 2187 1296 2242 15.

294 2268 453 2330 ,perverse
473 2260 621 2328 Menalca]
632 2260 648 2283 '¹
675 2275 721 2313 aut
741 2259 871 2314 converte
891 2259 926 2312 ad
946 2263 1158 2332 turpitudinem,
1179 2275 1226 2312 aut
1246 2265 1297 2312 in-

294 2334 450 2405 telligamus
470 2332 610 2404 quendam
630 2333 714 2386 luisse
734 2335 893 2387 Menalcam
912 2332 1053 2401 nobileur,
1072 2351 1102 2387 ut
1122 2341 1206 2387 istum
1223 2353 1295 2404 per-

294 2425 407 2462 versum
425 2408 590 2458 Menalcam
610 2409 708 2460 dixerit
729 2408 803 2461 illius
823 2413 1039 2480 comparatione.
1076 2411 1122 2461 Sic
1142 2410 1312 2464 Salustium»

296 2483 437 2550 ,Scaevae
453 2488 508 2533 isle
527 2481 693 2537 Routulus.”
719 2505 763 2550 -ι
782 2482 910 2552 Plerique
938 2482 1006 2547 cdd.
1039 2483 1147 2554 quidem
1172 2500 1199 2538 et
1224 2485 1294 2537 Liou
1324 2519 1327 2528 ·

294 2575 413 2612 saevias:
445 2554 493 2610 sed
523 2555 701 2632 manifestum
730 2573 771 2611 est
798 2555 923 2612 Servium
949 2562 979 2610 in
1005 2575 1054 2610 suo
1074 2559 1178 2612 Hister.
1198 2559 1293 2612 codice

294 2638 428 2707 reperisse
448 2650 580 2700 scaevus,
598 2649 629 2686 ut
643 2633 744 2686 babent
758 2635 829 2689 Vat.'
843 2643 868 2691 1.
882 2648 909 2686 et
920 2637 947 2692 5.
959 2634 1009 2686 Est
1029 2631 1115 2698 „alter
1134 2637 1217 2686 veluti
1240 2639 1293 2686 iio-

294 2709 403 2773 mulus,
422 2711 487 2761 novi
507 2713 585 2781 regni
606 2713 664 2780 ipse
685 2725 792 2782 quoque
811 2710 956 2774 conditor,
983 2707 1030 2761 sed
1051 2727 1191 2780 perversus
1211 2724 1291 2779 atque

295 2781 430 2836 infaustus
451 2786 536 2848 (oon,
556 2797 587 2836 ut
607 2801 667 2836 sese
688 2788 830 2850 nominat,
841 2781 953 2856 felix),
975 2783 1105 2836 Romulus
1126 2801 1210 2853 quum
1229 2781 1292 2836 iue-

294 2862 333 2911 rit
352 2874 413 2910 vere
428 2873 542 2928 magnus
563 2872 714 2929 parensque
734 2859 813 2912 huius
828 2863 940 2930 imperii
960 2874 1067 2930 temper
1088 2857 1292 2912 celebrandus.”

296 2931 350 2986 Ott.
370 2959 404 2973 -
424 2931 577 3002 cumulum]
610 2935 730 3000 „Quum
758 2933 806 2985 alit
830 2935 930 3000 multi,
960 2945 1017 2986 tum
1037 2932 1143 3000 Carbo,
1168 2934 1292 3000 Matius,

294 3004 440 3062 Norbanus
470 3010 611 3072 eonsules,
638 3007 715 3059 civili
734 3005 807 3058 bello
835 3007 993 3078 absumpti,
1016 3005 1089 3059 unde
1115 3007 1291 3061 manifestum

296 3097 337 3136 est
356 3081 421 3135 lect.
441 3081 562 3134 cumulis
580 3096 637 3133 esse
655 3077 895 3153 improbandam.''
916 3081 1060 3135 Gestaea.
1081 3083 1203 3136 —Tam
1224 3087 1290 3134 mira

253 3190 258 3202 .
297 3171 338 3209 est
357 3157 441 3210 lectio
470 3154 540 3208 Cdd.
569 3170 640 3229 optt.
666 3157 770 3224 (Vatic.
790 3159 874 3229 primi
895 3170 923 3209 et
941 3152 1030 3228 tertii)
1046 3163 1113 3226 posi
1131 3162 1289 3210 memorium
1400 3167 1401 3220 ,

298 3228 430 3297 immani,
450 3245 480 3285 ui
499 3247 575 3284 mero
597 3236 682 3285 errori
697 3249 746 3304 pro
766 3230 905 3286 homiuum
918 3229 1004 3283 tribui
1017 3235 1062 3283 vix
1076 3247 1164 3304 queat.
1202 3236 1290 3286 immo
1400 3245 1401 3312 t

273 3303 437 3358 cltomimtm
465 3307 610 3360 arbitraria
639 3305 744 3361 videtur
770 3311 924 3370 correctio,
943 3321 1059 3375 casuque
1078 3312 1170 3379 potius
1190 3307 1290 3360 excidit
1400 3315 1401 3318 ’

298 3386 419 3450 generis.
458 3383 532 3436 lueet
561 3386 645 3434 etiam
672 3382 855 3457 κακοφωνία
875 3385 905 3433 in
924 3380 967 3431 bis
986 3385 1106 3433 omnium
1124 3413 1143 3426 -
1161 3413 1179 3424 -
1199 3381 1289 3434 bemi-

298 3471 364 3508 uum
392 3460 434 3508 sic
461 3453 613 3510 collocatis.
639 3457 693 3511 Oa.
726 3482 764 3499 -··
783 3461 812 3508 in
828 3463 894 3528 post
914 3451 1047 3526 fruituros]
1073 3455 1124 3512 cfr.
1143 3457 1225 3511 Catil.
1244 3461 1287 3516 37.
1400 3491 1401 3526 3

299 3529 420 3602 Quintil.
445 3538 495 3598 tt,
528 3540 562 3598 1,
589 3533 635 3590 85.
668 3531 843 3597 ,Melitenda
863 3537 905 3582 esl
923 3533 952 3580 iu
969 3531 1107 3604 plerisque
1125 3531 1181 3583 ulio
1200 3533 1289 3582 colore

298 3607 438 3675 asperitas
456 3611 610 3671 orationis,
643 3614 675 3659 ul
693 3606 790 3658 Cicero
809 3605 842 3656 de
858 3609 1079 3677 proscriptorum
1097 3607 1191 3659 liberis
1209 3605 1289 3672 feeit.

299 3679 375 3754 Quid
396 3683 468 3730 euim
496 3681 635 3734 crudelius
663 3696 752 3754 qnam.
775 3681 902 3734 homines
932 3681 1055 3734 honestis
1088 3681 1245 3755 parentibus
1270 3696 1285 3733 a

297 3771 329 3810 ts
355 3753 464 3828 publiea
489 3758 674 3811 summoveri?
706 3754 802 3826 Itaque
832 3754 930 3807 drtrttm
957 3755 989 3806 t'd
1011 3773 1069 3807 esse
1097 3773 1218 3808 summus
1244 3755 1288 3807 ille
1400 3743 1401 3798 i

299 3829 512 3882 tractandorum
531 3837 685 3882 animorum
707 3827 821 3900 urliflsx
843 3829 1010 3902 conflictum·
1038 3831 1088 3883 sed
1114 3836 1158 3881 ita
1184 3830 1289 3899 legibus
1400 3839 1401 3844 ’

299 3905 392 3956 Sullae
417 3901 564 3956 cohaerere
595 3914 698 3956 stultum
731 3909 859 3957 civitatis
883 3902 1037 3978 affirmat,
1066 3913 1097 3956 ul
1128 3911 1162 3956 iis
1191 3907 1287 3957 cultilis
1400 3899 1401 3916 ¹

298 3988 376 4032 sture
397 3985 458 4052 ipsa
488 3993 542 4030 nou
565 3985 666 4050 possit.
705 3980 857 4032 Asseeuluu
876 3985 969 4050 itaque
988 3989 1049 4044 est,
1068 3988 1099 4030 ul
1118 3980 1222 4047 aliquid
1239 3997 1288 4031 eo·-

299 4071 360 4106 rum
378 4072 481 4128 quoque
500 4071 585 4105 eausa
603 4054 746 4106 videretur
756 4055 860 4126 fucere
879 4065 979 4106 contra
998 4055 1188 4124 quosdicerel.
1227 4055 1288 4106 vet·
1400 4057 1401 4068 ¹

298 4125 367 4182 isius
388 4133 423 4195 2,
440 4136 485 4191 28.
504 4127 650 4182 Adiectum
671 4135 771 4192 elium,
790 4138 821 4181 ui
839 4131 911 4182 bonu
920 4135 1140 4200 proscriptorum
1151 4133 1287 4193 venirent,

299 4205 454 4276 exclusique
469 4207 598 4277 palemis
617 4202 717 4272 opibus'
738 4205 817 4258 liberi
842 4211 927 4258 elium
948 4202 1128 4276 petsttdorum
1155 4203 1287 4258 bonorum
