2848 4928
1079 455 1120 520 27

117 597 218 664 sontis
238 596 361 662 tribuni
381 595 557 662 dominatus
580 606 640 661 est.
684 595 839 660 Lucullus
855 595 1020 680 superiore
1035 617 1119 662 anno

117 700 374 786 quantisanimis
394 699 468 764 ierit
488 699 520 763 in
547 701 592 764 L.
616 698 795 779 Quintium,
820 699 960 776 vidistis3
983 711 1118 783 quantae

117 804 253 890 denique
273 824 358 868 nuno
383 803 459 867 mihi
483 805 596 868 turbae
618 803 836 868 concitantur!
866 823 946 886 quae
966 803 1117 884 proiecto

115 906 271 972 ineassum
284 910 476 992 agebantur,
499 906 525 968 si
542 906 741 989 priusquam
757 927 816 970 vos
831 905 993 970 serviundi
1004 905 1116 982 linem,

91 1009 162 1072 tilli
184 1009 407 1074 dominationis
434 1009 550 1074 facturi
579 1021 687 1074 erant:
721 1007 909 1092 praesertim
943 995 1040 1092 qlmm
1067 1009 1116 1072 his

20 1113 23 1120 '
116 1111 261 1176 civilibus
289 1111 381 1176 armis
411 1113 493 1175 dieta
522 1111 601 1188 alia,
638 1116 697 1176 sed
720 1123 873 1176 certatum
899 1111 1047 1196 utrinque
1077 1115 1117 1176 de

116 1214 327 1281 dominatione
353 1215 385 1280 in
411 1217 505 1278 vobis
531 1215 583 1279 sit.
634 1215 750 1300 Itaque
782 1227 887 1278 cetera
922 1235 962 1278 ex
989 1203 1151 1284 licentiati

115 1329 169 1382 ent
190 1317 265 1382 odio
286 1329 341 1382 aut
364 1319 496 1382 avaritia
515 1319 547 1382 in
570 1329 695 1401 tempus
718 1339 842 1384 arsere:
866 1317 1040 1402 permansit
1055 1340 1134 1408 uua¹

111 1440 164 1484 res
183 1423 297 1498 modo,
323 1443 404 1506 quae
424 1421 570 1504 utrinqne
593 1421 730 1505 quaesita
752 1435 800 1486 est
817 1433 851 1486 et
871 1433 980 1504 erepta
1004 1421 1036 1485 in
1054 1443 1117 1502 po-

70 1532 101 1586 tt
113 1533 250 1600 aterum,
267 1525 323 1587 ¹vis
345 1524 535 1601 tribunicia,
560 1525 655 1588 telum
665 1547 688 1606 ¹a
707 1525 879 1591 maioribus
899 1524 1040 1590 libertati
1061 1545 1118 1606 pa-

109 1638 229 1695 ratum.
285 1629 382 1708 Quod
402 1649 465 1712 ego
496 1649 555 1692 vos
582 1648 696 1694 moneo
719 1649 905 1712 quaesoque
922 1639 958 1694 ut
979 1626 1117 1690 animad-

109 1730 263 1808 vortatis,
302 1751 365 1794 neu
399 1729 527 1794 nomina
561 1752 669 1794 rerum
698 1734 738 1794 ad
770 1730 928 1816 ignaviam
960 1742 1117 1796 mutantes

110 1833 212 1896 otium
233 1833 451 1916 pro'servitio
473 1834 651 1915 appelletis.
698 1835 773 1922 Quo
794 1836 855 1898 iam
875 1834 947 1917 ipso
971 1833 1055 1906 feni,
1090 1831 1118 1896 si

109 1957 189 1999 vera
210 1947 242 2000 et
264 1939 398 2000 honesta
420 1937 574 2022 flagitium
597 1937 812 2019 superaverit,
846 1948 983 2000 nonest
1005 1935 1117 2002 condi·

67 2039 187 2104 tactor
209 2038 340 2117 inisset,
365 2040 538 2106 si‘omnino
560 2039 739 2122 quiessetis.
783 2042 879 2106 Nune
900 2039 1034 2107 animum
1061 2042 1117 2103 ad·

60 2215 63 2231 ¹
108 2153 241 2207 vortere
264 2154 314 2217 et,
346 2143 406 2206 nisi
425 2141 586 2217 viceritis,
609 2145 757 2227 quoniam
776 2144 876 2207 omnis
901 2142 1014 2208 iniuria
1036 2163 1116 2224 pro·

106 2244 211 2311 bitate
230 2245 330 2308 tutior
346 2257 412 2320 est,
436 2244 535 2323 artius
550 2247 724 2310 habebunt.
771 2246 856 2326 Quid
868 2257 977 2308 censes
991 2235 1150 2329 ig'itur‘t7

108 2347 225 2432 aliquis
249 2359 390 2416 vestrum
416 2348 600 2416 subiecerit.
634 2348 779 2413 Primum
801 2350 941 2412 omnium
965 2348 1114 2412 amittun-

108 2453 184 2516 dnm
205 2472 326 2516 morem
341 2453 443 2528 hune,
468 2473 562 2537 quem
582 2449 693 2536 agitis3
715 2452 862 2536 inpigrae
877 2449 1021 2536 linguae,
1048 2452 1116 2516 ani·

65 2563 97 2620 tl
109 2553 153 2616 mi
172 2553 302 2638 ignavi,
332 2576 398 2622 non
417 2548 505 2618 ultra
519 2549 816 2619 concionis'looum
840 2577 997 2618 memores
1017 2555 1115 2618 liber·

107 2655 199 2725 tatis,
242 2657 326 2720 Dein
348 2659 481 2734 (nevos
502 2659 542 2718 ad
561 2657 664 2720 virilia
685 2655 737 2723 illa
766 2677 899 2732 vocem,
923 2677 990 2739 quo
1011 2656 1115 2720 tribn-

106 2771 169 2823 nos
191 2757 297 2840 pleb'ei
326 2760 441 2834 modo,
476 2757 644 2840 patricium
674 2758 918 2843 magistratum,
948 2758 1051 2822 libera
1073 2761 1113 2822 ab

108 2859 293 2926 auotoribus
314 2859 456 2942 patriciis
474 2861 625 2946 suffragia
643 2861 778 2926 maiores
801 2861 901 2926 vestri
922 2883 1078 2944 paravere
1089 2864 1113 2942 ;)

107 2987 205 3048 quum
223 2964 272 3028 vis
295 2965 413 3042 omnis,
439 2964 601 3044 Quirites,
623 2964 656 3028 in
677 2965 771 3028 vobis
798 2965 838 3028 sit
865 2977 897 3028 et
925 2988 1005 3048 quae
1028 2963 1113 3028 iussa

64 3083 96 3138 25
107 3089 192 3138 nune
212 3086 274 3152 pro
291 3068 359 3135 aliis
375 3068 538 3144 toleratis,
562 3090 624 3151 pro
647 3069 740 3134 vobis
760 3090 855 3154 agere
875 3081 1003 3134 autnon
1015 3052 1112 3152 agere
1186 3099 1189 3121 ι

142 3263 374 3338 2.'L.Quinctiu1n
410 3277 435 3324 4.
455 3285 583 3340 agerentur
625 3279 666 3326 15.
685 3294 791 3327 anianum
808 3281 925 3325 advortite
962 3277 1003 3328 ld.
1023 3281 1111 3326 iniuria

194 3351 310 3410 gravilate
339 3347 471 3409 (probitate
498 3365 512 3393 e
538 3350 682 3396 coniectura
706 3365 761 3396 mee
787 3355 847 3394 eet.)
893 3347 934 3395 18.
955 3350 1112 3396 omittendum

195 3417 237 3464 22.
266 3433 313 3476 quo
330 3420 439 3466 tribunos
457 3419 536 3478 plebi,
565 3415 785 3475 modo‘patricium
821 3415 863 3462 24.
885 3419 933 3474 uti,
966 3433 1026 3476 quae
1045 3421 1111 3466 iussa

162 3606 188 3673 ᾗ.
207 3607 234 3662 6.
254 3609 284 3658 tn
304 3606 433 3668 tempus?
460 3635 498 3654 .-
526 3605 566 3664 ad
594 3605 762 3674 ignaviam?
795 3603 834 3658 nd
865 3609 1032 3658 seutentiam
1057 3603 1110 3662 eir.

106 3678 191 3736 Catil.
214 3685 260 3738 52.
279 3709 313 3722 ·-
333 3685 456 3732 animum
480 3681 652 3732 advortere?
675 3709 709 3722 —·
727 3679 882 3750 probitate]
901 3709 939 3730 -ιι
957 3687 1107 3750 gravitate

106 3755 196 3810 Codd.
216 3773 322 3810 omnes.
362 3757 433 3808 Num
454 3754 564 3809 defendi
586 3759 695 3828 potest?

162 3834 186 3899 §.
208 3838 234 3890 7.
260 3832 335 3884 Num
364 3847 489 3902 suspecta
516 3851 558 3884 vv.
584 3834 687 3902 aliquis
705 3840 830 3882 vestrum
849 3833 1016 3886 rrabtecerit?
1048 3830 1106 3885 ctr.

106 3907 257 3980 Iugurthae
276 3911 323 3967 31.
342 3907 428 3960 Dicet
446 3907 563 3978 aliquis:
583 3907 650 3977 quaid
667 3911 758 3974 igitur
777 3911 891 3959 censes?
910 3939 945 3950 -
966 3913 1107 3960 amittun-

105 3982 170 4038 dum
202 3999 265 4036 eum
295 3985 430 4036 Arusiano
457 4000 479 4035 s.
506 3981 751 4048 Pseudostomon,
777 3999 812 4038 an
838 3983 1021 4036 omittundum
1040 3997 1106 4034 euna

105 4057 212 4116 Codd.?
232 4089 268 4102 —
287 4063 418 4130 inpigrae
436 4059 551 4126 linguae
575 4065 686 4132 quinem
702 4062 800 4112 casuri
819 4089 857 4101 -
876 4059 1002 4112 tribunos
1017 4056 1107 4127 plebei

104 4133 188 4184 modo
206 4151 258 4188 oet.
280 4133 418 4206 quomodo
448 4137 515 4187 baec
543 4133 706 4206 explicanda
726 4151 755 4188 et
773 4133 956 4198 vindicanda?
977 4161 1011 4174 -·
1031 4133 1105 4184 alteas

105 4214 183 4278 prais,
212 4213 381 4282 quisalius,
401 4211 510 4280 aliquis.
532 4239 566 4252 -
584 4218 699 4280 patrum
719 4209 879 4284 decretal(
897 4211 1018 4264 Senatus
1032 4227 1104 4264 con-

105 4285 206 4338 realta?
940 4301 944 4313 ¹
