2848 4928
284 448 326 510 16

245 587 270 668 7
281 591 321 651 ad
341 589 591 652 subvortundum
611 583 790 668 imperium.
836 585 933 666 Quod
949 606 1012 670 ego
1028 606 1086 649 vos
1107 604 1167 650 oro
1186 597 1281 670 atque

280 694 436 768 obsecro,
474 693 588 756 Patres
618 687 805 770 conscripti,
841 699 877 752 ut
906 688 1185 764 animadvortatis;
1206 712 1280 753 neu

278 793 440 878 patiamini
460 791 617 855 licentiam
639 791 794 854 scelerum
817 791 907 876 quasi
928 791 1049 854 rabiem
1075 795 1115 855 ad
1135 792 1279 876 integros

280 907 431 963 contactu
462 896 652 977 procedere.
708 895 806 968 Nam,
842 892 899 956 ubi
928 881 1028 959 msscs
1061 893 1202 977 praemia
1230 915 1281 957 se-

279 985 412 1073 cuntur,
437 999 522 1059 haud
537 995 631 1060 facile
653 995 818 1081 quisquam
840 997 982 1080 gratuito
999 1001 1102 1063 bonus
1124 1009 1184 1060 est.
1227 999 1308 1060 Ans

279 1100 488 1183 exspectatis,
513 1103 585 1162 dum
608 1097 753 1163 exercitu
772 1119 884 1162 rursus
905 1103 1050 1179 admoto,
1074 1101 1163 1164 ferro
1187 1085 1281 1185 ¹atque

279 1205 403 1268 flamma
420 1205 532 1266 urbem
547 1201 698 1266 invadat?
720 1205 807 1285 quod
829 1201 929 1267 multo
945 1204 1081 1286 propius
1101 1215 1148 1266 est
1170 1204 1209 1265 ab
1227 1223 1278 1278 eo,

280 1328 345 1390 quo
370 1305 489 1391 agitat,¹
508 1317 610 1382 statu,
636 1326 729 1388 quam
748 1327 789 1368 ex
806 1326 885 1386 pace
900 1318 930 1370 et
946 1305 1120 1370 concordia
1137 1307 1176 1368 ad
1196 1323 1282 1366 arma

280 1408 406 1482 civilia3
441 1385 521 1492 quae
547 1408 601 1472 ille
628 1411 797 1471 advorsum
824 1407 927 1471 diviua
954 1421 984 1471 et
1017 1411 1150 1472 humana
1177 1406 1283 1470 omnia

281 1511 365 1594 cepit
391 1533 454 1574 non
476 1532 536 1593 pro
554 1532 610 1574 sua
632 1522 686 1574 aut
708 1531 843 1595 quorum
863 1507 987 1573 simulat
1004 1510 1134 1585 iniuria,
1158 1513 1213 1573 sed
1234 1510 1325 1576 le-1u

281 1636 356 1697 gum
382 1635 419 1677 ae
436 1613 591 1677 libertatis
613 1614 865 1676 subvertendae.
910 1613 1055 1697 Angitur
1076 1612 1159 1676 enim
1178 1636 1215 1677 ac
1235 1614 1281 1677 la·

281 1729 408 1782 ceratur
430 1717 523 1780 animi
544 1715 690 1798 cupidine
712 1729 744 1778 et
765 1737 920 1780 noxarum
937 1729 1039 1793 metu,
1064 1737 1180 1797 expers
1203 1737 1281 1782 con·

281 1819 366 1896 silii,·
386 1819 525 1903 inquies,
560 1821 640 1882 haec
662 1829 756 1903 atque
777 1819 830 1880 illa
853 1829 993 1892 tentans;
1026 1818 1136 1882 metuit
1159 1819 1276 1895 otium,

282 1923 348 1986 odit
363 1922 498 1996 bellum;
522 1921 599 1982 luxu
615 1931 709 2002 atque
732 1920 857 1982 licentia
872 1924 1043 1984 carendum
1058 1922 1162 1996 videt,
1186 1931 1280 2002 atque
1417 1991 1418 2006 q

279 2022 405 2088 interim
432 2022 573 2086 abutitur
608 2033 714 2084 vestra
746 2022 901 2085 secordia.
961 2025 1074 2106 Neque
1100 2023 1176 2086 mihi
1205 2021 1326 2084 satists
1417 2021 1418 2026 ’

280 2125 406 2191 consilii
426 2135 494 2204 est,
517 2135 654 2199 metum,
680 2145 718 2186 an
740 2123 916 2209 ignaviam,
941 2146 979 2188 an
1002 2125 1189 2189 dementiam
1212 2145 1281 2187 eam

281 2229 465 2312 appellem3
505 2226 559 2310 qui
588 2224 736 2291 videmini
769 2225 889 2292 intenta
925 2230 1005 2292 mala
1041 2229 1132 2314 quasi
1163 2229 1282 2293 fulmen

281 2344 395 2416 optare
417 2353 451 2396 se
480 2331 613 2416 quisque
640 2351 678 2394 ue
701 2329 853 2414 attingat,
892 2333 947 2394 sed
968 2332 1141 2413 prohibere
1163 2345 1203 2394 ne
1223 2351 1283 2394 co·
1417 2327 1418 2415 l

282 2433 351 2500 uari
373 2431 512 2518 quidem.

246 2528 270 2607 8
343 2540 388 2618 Et
411 2557 528 2622 quaeso
550 2535 767 2618 considerate,
803 2557 896 2621 quam
918 2556 1077 2600 convorsa
1098 2555 1204 2598 rerum
1225 2551 1326 2599 πει-90

281 2652 352 2705 tura
388 2641 440 2706 sit.
504 2642 610 2706 Antea
643 2641 757 2704 malum
793 2639 952 2721 publicum
987 2639 1128 2716 occulte,
1164 2638 1296 2701 auxilia·

317 2833 343 2880 ⁵.
361 2838 491 2892 sequuntur
528 2829 553 2877 7.
567 2833 656 2877 invadit
693 2830 734 2878 16.
753 2833 861 2888 consilii,
881 2839 970 2880 metum

338 2991 362 3058 §.
383 2996 409 3050 7.
428 2978 565 3061 inspectis
590 2986 661 3040 loeis
688 2988 750 3046 Cat.
780 2991 826 3048 56.
853 2988 913 3060 Ing.
932 2992 987 3048 52..
1029 2987 1103 3041 litet.
1122 2987 1157 3052 tt,
1186 2989 1215 3045 9.
1236 2992 1282 3058 qui
1416 2977 1417 3054 l

280 3067 388 3140 quidem
408 3082 486 3130 mos,
508 3069 550 3115 uti
569 3063 664 3127 tabes,
684 3063 1000 3128 intermiscendum,
1021 3061 1087 3133 quid
1102 3061 1282 3116 iudicandum
1416 3059 1417 3064 ’

283 3141 316 3196 de
336 3143 478 3195 Carrionis
505 3143 679 3212 suspicione:
709 3141 790 3210 quasi
808 3137 920 3189 tabem?
939 3137 1052 3190 Rabiem
1073 3137 1210 3208 quomodo
1230 3138 1283 3191 de-

282 3215 358 3271 fendi
379 3214 492 3290 potest?
532 3212 602 3281 (cfr.
623 3211 722 3286 Lepidi
742 3213 822 3268 Orat.
843 3215 867 3281 d.
888 3221 912 3276 8.
934 3213 992 3266 Liv.
1013 3218 1059 3280 21,
1080 3213 1140 3278 48.)
1160 3243 1196 3256 -·
1207 3211 1283 3283 fer-

282 3310 316 3344 ro
336 3301 418 3363 atque
429 3292 560 3362 flamma]
583 3287 733 3360 Quomodo
753 3295 882 3344 usitatius
902 3287 1025 3342 dicitur?
1045 3315 1082 3329 -
1110 3288 1175 3339 dum
1194 3293 1284 3340 iuva-

283 3367 339 3440 dar
354 3365 380 3442 )(
399 3367 465 3426 dumi
482 3366 620 3419 invadit?
639 3395 677 3409 -
698 3365 773 3434 Quid
793 3362 940 3418 dicendum
956 3363 988 3416 de
1001 3365 1054 3416 hae
1072 3367 1185 3418 Douaae
1198 3380 1284 3418 anuo-

189 3511 191 3517 .
282 3447 402 3498 tatione:
433 3461 538 3514 “queam
556 3460 592 3493 ece
607 3459 678 3511 paee
699 3444 765 3507 ceu]
787 3445 929 3514 Scriptura
956 3437 1029 3492 haud
1049 3438 1131 3491 dubie
1151 3438 1283 3492 mendosa

282 3534 310 3571 et
338 3533 419 3590 quam
447 3523 522 3572 iuxta
547 3533 611 3570 curu
643 3520 827 3588 ignauissimis
853 3514 991 3586 intelligo:
1023 3518 1077 3568 nisi
1099 3529 1190 3568 remen
1210 3529 1284 3567 totus

281 3594 360 3647 locus
379 3591 588 3665 interpolnndus
609 3607 636 3645 et
655 3591 772 3644 fortasse
793 3596 822 3644 iu
841 3593 915 3644 hunc
933 3588 1045 3641 modurn
1060 3589 1282 3642 constituendum

282 3687 365 3742 queam
395 3667 435 3720 ad
457 3687 555 3739 pacem
580 3676 609 3719 et
633 3667 814 3719 concordiam
838 3666 875 3718 ab
893 3669 982 3716 armis
1000 3663 1153 3717 civilibus.'’
1173 3661 1228 3717 -i
1249 3691 1284 3706 ·-

281 3746 358 3799 Num
377 3742 486 3796 defendi
508 3760 598 3815 potest
613 3743 700 3797 lectio
720 3743 1027 3811 agitari-Quonam
1042 3745 1100 3793 iure
1112 3740 1283 3794 stewechius

282 3819 311 3874 h.
335 3820 354 3874 l.
381 3835 409 3872 et
440 3816 511 3871 inira
540 3818 646 3872 volebat
675 3819 840 3870 lancinatur
868 3816 915 3882 (ad
946 3816 1046 3890 Appul.
1068 3813 1194 3868 Oudend.
1215 3817 1238 3869 l.
1258 3818 1285 3886 ρ’.

283 3892 383 3970 298.)?
402 3919 437 3938 ι-
456 3898 543 3946 animi
564 3895 691 3967 cupidine
718 3890 767 3946 cir.
788 3893 849 3946 Cat.
869 3898 913 3952 58.
935 3893 993 3966 lug.
1012 3897 1059 3948 20.
1079 3896 1165 3941 timor
1189 3891 1286 3941 animi.

283 3999 319 4012 -
339 3975 446 4041 inquies
465 3985 491 4022 et
512 3975 669 4040 inquietus:
692 3986 822 4023 neutrum
836 3968 1004 4020 Tullianum.
1023 3995 1061 4010 -
1081 3963 1227 4034 Quomodo
1240 3981 1287 4016 ex·
1362 3991 1367 4000 ·

283 4045 413 4119 plicando
432 4050 605 4100 constructio
627 4065 667 4098 vv.
690 4050 737 4112 qui
754 4043 887 4098 videmini
902 4041 981 4098 ceo?

340 4123 363 4188 ᾗ.
384 4129 410 4182 8.
431 4139 524 4173 rerum
547 4128 652 4172 natm
685 4118 713 4169 h.
733 4119 774 4175 L?
795 4117 926 4188 -Quid
959 4114 1136 4173 indicendum
1163 4112 1196 4166 de
1220 4113 1285 4168 lect.

284 4195 346 4250 Vet.
365 4213 422 4251 see.
441 4195 584 4249 inscendi?
603 4225 640 4238 -
668 4193 743 4248 Num
760 4196 813 4266 leg.
831 4213 913 4264 queem
932 4199 990 4264 ipse
1010 4194 1098 4243 armis
1116 4191 1207 4258 agat?
1228 4187 1285 4244 cfr.

283 4271 861 4344 lug.10.-plebe1']Pructen.6‚11.
900 4269 933 4322 Τ.
955 4273 979 4324 1.
999 4285 1027 4340 p.
1048 4265 1174 4326 256.Kr.
1214 4267 1287 4349 „ln-
1343 4299 1348 4314 .
