2848 4928
281 431 320 498 tt

279 579 398 656 teotui3
436 581 550 666 quibus
573 581 756 661 labefactis,
796 588 889 702 q‘ump
911 583 1098 648 formidatus
1120 595 1183 664 est,
1214 597 1277 651 tam

279 697 582 760 contemnetrtr3—
604 685 663 748 nisi
684 687 770 750 forte
792 687 895 770 speeie
910 688 1101 753 concordiae
1125 700 1157 752 et
1177 691 1275 772 pacis,

278 811 359 880 quae
384 788 496 852 sceleri
518 799 549 850 et
568 789 741 870 parricidio
765 812 823 853 suo
851 791 977 854 nomina
997 789 1131 854 indidit.
1164 791 1277 876 Neque

278 892 372 956 aliter
393 913 461 954 rem
482 893 641 974 publicam
664 905 695 956 et
717 891 793 976 belli
813 894 908 955 finem
924 893 985 968 ait,
1009 893 1070 956 nisi
1085 907 1207 958 maneat
1221 917 1277 958 ex-

276 996 367 1078 pulsa
390 995 476 1078 agris
497 997 625 1077 plebes,
650 999 767 1077 praeda
790 996 892 1060 civilis
916 988 1177 1074 acerbissuma‚
1168 1021 1216 1062 ms
1228 1021 1275 1062 ιιι
1262 1027 1302 1076 -5

277 1097 455 1180 dieiumque
478 1099 616 1162 omnium
637 1121 746 1162 rerum
767 1119 864 1182 penes
886 1121 938 1176 se,
962 1102 1049 1184 quod
1071 1101 1182 1182 populi
1204 1090 1275 1166 Ro'-

215 1193 263 1276 11
277 1200 358 1262 mani
379 1199 452 1263 tuit.
511 1202 603 1283 Quae
635 1201 663 1264 si
692 1201 784 1266 vobis
812 1225 876 1284 pax
898 1213 930 1266 et
951 1203 1129 1285 composita
1151 1203 1276 1268 intelle-

274 1314 411 1386 guntur,
448 1324 595 1368 maxuma
626 1307 824 1369 turbamenta
852 1306 900 1370 rei
920 1306 1066 1388 publicae
1089 1317 1183 1389 atque
1205 1308 1275 1370 exi·

272 1406 315 1470 tia
336 1409 496 1488 probate,
530 1407 657 1481 annuite
678 1409 802 1493 legibus
828 1409 1004 1490 impositis,
1028 1409 1160 1492 aecipite
1174 1410 1274 1472 otium

273 1531 342 1574 oum
366 1509 499 1575 servitio
523 1523 555 1574 et
575 1511 690 1574 tradile
713 1513 892 1594 exemplum
913 1513 1051 1595 posteris
1072 1515 1192 1574 adrem
1213 1535 1273 1594 pu·
1259 1531 1318 1580 ·1o

172 1675 175 1680 ,
272 1613 388 1676 blicam
425 1615 539 1677 suimet
573 1613 734 1700 sanguinis
771 1609 916 1680 mercede
949 1610 1272 1680 circumveniundam.

212 1704 262 1806 12
273 1717 358 1780 Mihi
380 1739 566 1803 quamquam
582 1739 641 1800 per
656 1720 720 1783 hoe
737 1711 889 1782 summum
904 1717 1070 1801 imperium
1086 1718 1161 1781 satis
1176 1739 1275 1804 quae·

246 1821 365 1883 'situm
399 1832 468 1883 erat
503 1821 622 1885 nomini
655 1821 827 1897 maiorum,
866 1820 1013 1905 dignitati
1049 1831 1144 1906 atque
1180 1811 1272 1885 etiam

180 1939 182 1944 ·
270 1921 449 2006 praesidio,
472 1934 577 1986 tamen
598 1942 663 1985 non
690 1922 752 1985 suit
774 1922 940 1986 consilium
961 1923 1102 2004 privatas
1124 1945 1202 2008 opes
1222 1924 1273 1986 sa·
1362 1937 1364 1940 ’

271 2047 364 2103 cere,
398 2025 572 2110 potiorque
604 2027 673 2089 visa
710 2035 758 2088 est
788 2024 970 2106 periculosa
1005 2023 1134 2090 libertas
1162 2027 1271 2112 quieto
1284 2046 1314 2095 15

270 2127 417 2192 servitio.
463 2130 554 2208 Quae
569 2128 596 2192 si
614 2128 779 2210 probatis,
804 2131 928 2206 adeste,
954 2127 1114 2209 Quirites,
1139 2143 1170 2194 et
1190 2133 1293 2194 bene·

270 2231 451 2296 iuvantibus
475 2231 540 2308 dis,
575 2233 629 2296 M.
653 2228 824 2296 Aemilium
847 2231 1008 2296 consulem
1030 2234 1140 2296 ducem
1163 2246 1196 2298 et
1216 2255 1271 2296 au·

269 2346 391 2400 ctorem
414 2333 579 2421 sequimini
601 2337 641 2396 ad
661 2333 877 2416 recipiundam
897 2333 1088 2396 libertatem.

304 2506 329 2554 1.
350 2511 498 2556 labefactatis
532 2509 618 2566 (ibid.)
636 2509 778 2554 formidatus
796 2513 865 2553 antea
883 2512 920 2553 est
960 2505 985 2552 3.
1005 2505 1087 2565 Neque
1106 2509 1177 2552 aliter
1194 2522 1270 2564 popu-

360 2583 384 2626 lo
402 2581 510 2627 Romano
529 2594 582 2626 esse
600 2579 657 2625 beth
674 2577 747 2623 finem
764 2578 798 2622 ait
839 2575 864 2623 7.
883 2591 930 2634 par
947 2582 971 2622 et
988 2577 1115 2622 eoncordia
1132 2576 1269 2638 intelligun-

363 2657 402 2698 tur
438 2649 480 2698 10.
500 2653 529 2697 ad
547 2652 661 2708 populum
677 2649 812 2696 Romanum
829 2673 840 2683 ·
859 2673 869 2684 ·
887 2647 1119 2692 circumveniendum
1156 2645 1197 2694 tt.
1216 2649 1270 2695 Diis

266 2817 332 2856 reau
361 2801 394 2854 de
413 2798 557 2856 Lamalle?
587 2825 626 2844 -
657 2799 714 2854 Cur
743 2813 874 2872 corrupta
892 2813 957 2852 sunt
976 2795 1058 2852 verba
1077 2815 1162 2868 neque
1184 2795 1268 2848 aliter

266 2895 326 2928 rem
353 2877 493 2948 publicam
522 2875 652 2929 oen-l
680 2880 725 2926 ius
749 2875 930 2946 iudiciumque
954 2879 1077 2936 omnium
1096 2873 1212 2924 rerum?
1230 2899 1268 2914 -

266 2955 432 3024 composita]
458 2950 606 3022 Quomodo
634 2948 805 3004 defendenda
823 2949 894 3004 haee
913 2947 1001 3005 coda.
1020 2947 1106 3002 lectio
1125 2964 1175 3022 pro
1194 2964 1268 3000 eon-

266 3027 385 3094 cordia,
403 3033 475 3082 inter
497 3026 619 3079 elatione
632 3014 758 3080 ΔΙάῑὶιι”

321 3107 346 3172 9.
366 3108 411 3162 11.
430 3046 585 3156 Deiindine
612 3115 704 3172 potest
732 3098 819 3154 codd.
850 3099 956 3154 lectior
988 3095 1028 3151 ad
1045 3115 1149 3169 remp.
1168 3100 1268 3148 suimet

265 3169 413 3248 sdnguinis
436 3177 561 3230 mercede
582 3175 880 3230 circumveniendam?
907 3191 942 3228 an
966 3189 1089 3250 praestat
1114 3173 1268 3226 Gontiana?

266 3283 304 3298 ·-
323 3253 501 3324 queaeritum?

323 3331 412 3397 9..12
445 3347 509 3401 opes
534 3325 649 3398 facere]
679 3323 729 3382 cfr.
758 3325 881 3380 Senecae
906 3327 958 3400 Ep.
978 3325 1043 3384 114.
1061 3353 1099 3372 ·-
1117 3323 1174 3380 Gur
1193 3321 1268 3377 divit

266 3407 329 3461 var.
349 3409 434 3481 primi
453 3349 644 3478 recipiendum
662 3405 800 3458 nonest?
820 3345 1024 3476 etampes

674 3701 859 3718 m
