2848 4928
304 377 345 444 di

304 519 454 604 Bithynia
474 520 582 606 expuli
603 517 777 608 Asiamque
803 518 941 607 spolium
961 517 1049 606 regis
1070 507 1225 588 Antiochi
1249 531 1307 586 itis

303 623 375 708 cepi
402 636 434 690 et
462 624 619 692 Graeciae
649 624 771 708 dempsi
805 615 906 710 graue
935 624 1113 692 servitium.
1168 625 1308 707 incepta

304 747 373 792 mea
394 741 575 813 postremus
597 749 765 794 servorum
790 728 970 794 Archelaus
998 727 1143 792 exercitu
1169 726 1307 810 prodito

303 830 481 914 inpedivit:
517 814 644 914 illique,
674 847 756 914 quos
777 831 905 918 ignaria
927 841 983 894 ant
1002 847 1104 914 prava
1125 829 1304 909 calliditas,

304 933 353 999 uti
373 932 448 997 meis
469 933 634 997 laboribus
655 933 716 997 tuti
737 946 859 1011 essent,·
894 932 989 998 armis
1011 931 1175 1010 abstinuit,
1213 953 1306 998 acer·
1333 942 1350 1004 a

303 1037 461 1102 bissumas
484 1057 605 1119 poenas
629 1037 776 1116 solvunt,
810 1037 1014 1104 Ptolemaeus
1041 1037 1148 1120 pretio
1174 1021 1306 1102 indies

305 1142 421 1206 bellurn
440 1143 622 1224 prolatare,
655 1141 825 1207 Cretenses
851 1140 1016 1228 inpugnati
1035 1141 1133 1206 semel
1163 1139 1224 1205 iarn
1246 1161 1307 1204 ne-

272 1235 367 1329 5qne
387 1244 481 1309 linem
504 1244 565 1309 nisi
586 1244 711 1310 excidio
732 1243 884 1308 habituris
927 1245 1084 1330 Equidem
1107 1263 1205 1329 qinom
1228 1243 1306 1312 mibi

306 1349 350 1411 oh
381 1346 523 1430 ipsorum
550 1347 676 1420 interna
705 1348 787 1412 mala
813 1347 909 1411 dilata
936 1347 1059 1431 proelia
1085 1347 1188 1433 magis
1209 1369 1306 1432 quam

303 1453 533 1534 pacerndetam
548 1451 784 1538 intellegerem,
808 1453 964 1516 abnuente
979 1451 1141 1538 Tigrane,
1165 1452 1221 1539 qui
1234 1474 1306 1520 mea
1317 1463 1346 1514 tt

305 1554 390 1620 dicta
418 1576 492 1621 sero
520 1556 653 1639 probat,
683 1565 715 1620 te
743 1567 868 1620 remoto
899 1556 1033 1638 procula
1066 1555 1212 1620 omnibns
1234 1557 1305 1622 aliis

305 1657 473 1736 obnoxiis,
495 1679 606 1736 rursus
627 1669 731 1724 tamen
746 1659 862 1723 bellurn
884 1659 1205 1745 coeptrMarcumque
1222 1659 1306 1727 Cot·
1330 1723 1333 1728 .

304 1772 387 1838 tam,
412 1763 590 1827 Romanum
614 1764 744 1838 ducena,
777 1765 861 1845 apud
882 1762 1086 1828 Chalcedona
1106 1773 1194 1828 terra
1214 1763 1302 1838 tuti,
1401 1847 1402 1852 ἵ

260 1857 265 1866 ’
304 1853 386 1930 maii
406 1865 482 1929 exui
502 1865 602 1928 classe
623 1865 859 1946 pulcherruma.
904 1867 1004 1948 Apud
1018 1864 1170 1947 Cyzicum
1186 1887 1304 1952 magno

304 1989 377 2031 cum
410 1968 553 2032 exercitu
582 1969 614 2060 in
643 1967 770 2034 obsidio
800 1968 936 2032 moranti
961 1968 1152 2034 frumentum
1185 1970 1347 2048 detuit,1s

304 2069 393 2134 nullo
416 2069 534 2135 circum
557 2069 714 2136 adnitente
726 2093 735 2147 3
762 2070 853 2136 simul
874 2072 973 2137 hiems
995 2071 1076 2140 mari
1097 2072 1305 2156 prohibebat.

305 2173 376 2251 Ita,
412 2173 481 2239 sine
503 2174 535 2238 vi
555 2173 695 2240 hostium
730 2175 858 2261 regredi
886 2187 1018 2241 conatus
1039 2175 1070 2240 in
1091 2175 1229 2259 patrium
1250 2196 1305 2241 rea
1393 2239 1398 2254 ,

305 2298 424 2361 gnum,
448 2277 620 2363 naufragiis
642 2281 726 2360 apud
751 2278 881 2343 Parium
909 2291 943 2343 et
963 2279 1151 2347 Heracleam
1174 2278 1305 2344 militurn

307 2395 457 2468 optumos
479 2407 547 2449 cunr
571 2382 723 2447 classibus
745 2381 847 2446 amisi.
906 2381 1067 2447 Restituto
1090 2382 1199 2447 deinde
1220 2385 1306 2465 apud
1402 2411 1403 2416 ¹

186 2523 189 2532 *
306 2485 464 2555 Caberam
491 2485 634 2550 exercitu
659 2496 692 2550 et
721 2483 814 2549 variis
842 2485 994 2548 interme
1017 2497 1111 2570 atque
1132 2485 1349 2552 Lucullanae

304 2576 456 2674 proeliis,
493 2588 600 2673 inopia
632 2610 743 2654 rursus
769 2590 880 2654 ambos
909 2586 1051 2652 incessit.
1101 2587 1154 2652 Illi
1175 2590 1306 2654 unberat

304 2714 440 2780 regnum
461 2693 694 2760 Ariobarzanis
715 2694 800 2758 bello
822 2692 990 2756 intactum:
1016 2713 1097 2778 ego,
1120 2690 1220 2758 rastis
1241 2691 1305 2756 eir·

279 2821 280 2824 ¹
306 2817 377 2859 eum
400 2798 544 2861 omnibus
572 2797 653 2862 locis
681 2797 712 2860 in
744 2782 929 2860 Armeniam
951 2796 1109 2860 concessi:
1139 2792 1305 2881 secutique

305 2899 445 2964 Romani
464 2921 528 2964 non
551 2921 617 2976 me,
642 2903 698 2964 sed
720 2921 840 2964 rnorem
862 2920 951 2962 suurn
975 2901 1079 2963 omnia
1100 2918 1202 2984 regne
1228 2899 1323 2962 sub-r

305 3001 477 3077 vortundi,
510 3001 583 3087 quia
606 3003 834 3074 multitudinem
862 3000 939 3064 artis
962 3001 1042 3066 locis
1062 3023 1171 3086 pugna
1192 2998 1348 3083 probi-2⁵

305 3107 423 3181 buere,
452 3104 681 3188 inprudentiam
705 3104 856 3190 'signabis
877 3125 939 3187 pro
961 3103 1096 3172 victoria
1129 3112 1304 3180 ostentant·

273 3184 297 3267 6
370 3209 466 3271 Nunc
496 3229 616 3293 quiaeso
646 3208 836 3286 considera,
874 3209 966 3271 nobis
1000 3206 1162 3291 oppressis
1198 3218 1305 3271 utrum

305 3305 479 3378 firmiorem
502 3323 533 3376 te
564 3313 603 3374 nd
628 3305 852 3392 resistendum,
890 3309 1044 3390 anfinem
1065 3303 1143 3375 belli
1161 3307 1305 3380 iniurium

342 3498 366 3550 6.
385 3504 463 3560 pastio
480 3492 553 3565 [dies]
571 3499 659 3550 bellom
695 3495 736 3552 li.
757 3507 808 3563 cepi
845 3493 886 3558 il.
904 3507 1000 3550 coactns
1035 3495 1079 3554 ii.
1098 3501 1187 3554 esbus

362 3667 386 3737 §.
406 3667 434 3728 5.
453 3663 552 3725 bellnam
572 3671 651 3743 coepi
669 3687 703 3726 an
723 3671 802 3743 cepi?
822 3671 880 3745 lug.
900 3663 1304 3745 62.qrirsmprimumdedi1ib

305 3749 418 3818 caepit.¹
442 3743 498 3820 (lb.
519 3746 552 3799 de
571 3754 685 3818 integro
704 3748 804 3800 bellum
818 3752 924 3818 sumit.)
971 3748 1014 3803 lb·
1032 3741 1079 3810 66.
1099 3751 1203 3800 omissa
1220 3745 1304 3798 dodi-

307 3823 383 3878 iione
404 3820 503 3873 bellum
522 3819 629 3896 incepit.
659 3815 702 3878 lh.
726 3820 770 3882 70.
797 3819 1003 3894 deditionem&
1021 3854 1040 3867 -
1059 3856 1078 3868 -
1096 3817 1248 3894 incepsrdi.
1267 3847 1304 3864 -

305 3887 461 3964 inobsz‘dio]
470 3894 540 3962 Alii,
551 3896 635 3952 etiarn
643 3891 759 3954 Weiss:
777 3903 808 3952 in
821 3898 961 3952 obsidione
975 3903 1071 3951 contra
1084 3895 1173 3952 Codda
1185 3895 1304 3948 —nntto

191 4009 195 4014 -
305 3975 409 4024 circum
424 3971 590 4028 adnitente?
610 3997 646 4017 -··
665 3971 721 4029 Cur
740 3973 809 4028 falsa
829 3969 914 4027 lectio
934 3965 1034 4028 aldtus
1052 3978 1168 4026 eductui
1186 3987 1214 4028 et
1233 3987 1304 4045 pro-

306 4060 369 4121 pter
388 4061 500 4102 externa
520 4062 548 4101 et
567 4061 682 4122 propter
699 4047 808 4104 interna
827 4047 1007 4122 argumenta?
1083 4115 1086 4122 ι

361 4121 385 4190 §.
403 4124 432 4181 6.
456 4120 544 4198 Asper
568 4121 640 4199 apud
665 4126 823 4180 charisium
842 4145 869 4198 p.
889 4121 953 4186 177.
973 4118 1112 4178 Puticbii:
1148 4121 1305 4190 ⁰‘Cetea-mii

306 4195 449 4272 quomodo
473 4202 596 4274 positum
623 4213 684 4274 stt,
713 4218 764 4276 pro
789 4201 914 4275 alioqum
941 4195 1085 4254 nomiliam
1108 4207 1165 4268 est,
1193 4213 1228 4252 nn
1252 4199 1306 4271 pra
