2848 4928
1089 427 1130 492 ii

23 631 24 640 χ
135 573 218 620 reios
235 571 308 621 etei.
348 563 409 639 lug.
432 567 475 624 io.
496 563 570 639 quod
585 562 796 640 difficillumum
807 567 883 642 inies
894 564 1034 622 mortuiis.
1070 564 1131 640 ing.

134 647 183 702 61.
201 647 232 694 itt
247 645 443 714 provinciam,
461 659 531 713 quae
540 659 683 711 proxuma
693 639 843 695 Numidiae
849 659 860 702 ,¹
879 641 926 696 ted
944 643 1038 696 Turio.
1056 641 1132 695 Bin-

135 715 218 772 sitii
243 733 384 788 prontsma
408 723 460 769 esi.
510 719 569 789 lug.
594 720 639 774 89.
657 721 848 789 serpentium,
876 735 992 788 prtarstm
1009 720 1056 768 vit
1073 719 1093 761 ἑ
1111 748 1131 761 -

134 796 232 862 inopia
250 792 304 843 eibi
321 797 427 845 acrior.
471 791 532 862 lug.
552 796 615 849 111.
631 810 746 864 pacem,
763 797 842 844 euius
859 791 984 844 Numida
1003 791 1132 862 defissus

135 867 207 918 bello
226 866 436 934 avidissumtss3
455 866 536 920 multi
555 865 644 920 Codd.
663 866 766 920 sddunt
785 874 859 920 emi.
878 866 932 920 On.
950 893 988 910 ·-
1006 868 1043 936 Q.
1062 867 1130 920 Me-

40 987 46 997 .
136 941 219 994 tellus
239 943 314 1008 Pius,
334 941 514 1015 proconsule
533 957 597 996 oum
617 945 810 1015 impericiam
830 940 864 992 ab
884 941 959 994 Sulla
978 945 1007 996 in
1025 941 1131 1013 Hispa·

116 1021 212 1076 ‚niam
231 1031 329 1070 contra
349 1012 502 1070 Sertorium
522 1021 633 1072 mistus.
652 1045 688 1062 -
723 1015 766 1071 dd
784 1017 808 1083 §-
828 1021 855 1077 ὅ.
874 1016 955 1070 huius
974 1015 1130 1090 epistolae,

135 1090 185 1143 ubi
205 1107 270 1144 cum
289 1089 359 1144 edd.
378 1089 441 1143 dedi
460 1089 625 1161 hiememque
650 1097 753 1144 eastris
771 1096 819 1160 egi
837 1089 888 1146 cfr.
907 1093 967 1164 lug.
985 1093 1032 1150 isli.
1051 1092 1131 1144 mili-

135 1173 181 1216 tes
197 1170 315 1220 stativis
333 1169 437 1220 castris
455 1164 593 1231 liniebat,-
611 1165 660 1220 ubi
679 1164 828 1220 deteriores
847 1165 914 1222 libri
931 1171 962 1221 in
979 1173 1017 1219 st.
1036 1183 1061 1221 c.

465 1387 474 1430 i
541 1409 725 1424 ----.

301 1646 346 1708 iti
365 1589 611 1740 ouationem.
624 1648 659 1708 C.
678 1647 804 1708 Licuit
822 1647 960 1709 sitem.

190 1837 274 1892 Anno
291 1855 320 1890 u.
339 1853 366 1892 c.
387 1838 452 1898 681.
477 1842 507 1891 in
526 1837 729 1908 Urbe-summa
748 1851 873 1892 annonae
891 1839 1012 1907 caritas,
1045 1853 1130 1910 quum

134 1926 163 1966 et
188 1916 358 1966 commercia
387 1917 537 1986 piratarum
564 1914 685 1969 Cilicum
708 1913 862 1966 latrociniis
881 1911 988 1968 sublata
1007 1926 1035 1966 et
1053 1928 1130 1968 mare

133 1981 361 2060 praedationibus
381 1987 540 2041 infestatum
561 2003 634 2044 esset
645 1984 658 2048 ;’
672 1993 764 2060 itaque
783 1987 828 2040 lex
840 1987 971 2041 Terentia
985 2002 1012 2041 et
1033 1987 1129 2042 Cassia

133 2059 313 2117 frumentaria
332 2063 398 2116 lato.
436 2063 468 2123 C.
488 2065 612 2116 Licinius
632 2063 744 2130 Macer,
763 2062 813 2117 Τι.
831 2061 886 2134 pl.,
905 2067 991 2118 irritis
1012 2061 1130 2118 aliorum

135 2142 243 2191 conatis
269 2155 327 2190 non
353 2136 515 2202 deterritus,
542 2137 711 2191 turbulentae
736 2142 882 2191 conciones
901 2136 935 2192 de
961 2137 1129 2192 restituenda
1225 2199 1228 2218 Ι

134 2212 285 2266 tribunicia
313 2227 449 2283 potestate
478 2211 592 2278 habuit,
618 2209 665 2266 sed
685 2211 785 2266 callido
805 2210 922 2266 consilio
941 2227 1050 2266 senatus
1069 2228 1128 2265 tota

133 2304 179 2339 ret
198 2285 232 2340 sd
251 2290 374 2359 Pompeii
394 2285 513 2340 reditum
534 2291 635 2340 reiecta
655 2301 707 2343 est.
727 2315 765 2328 -
784 2287 840 2352 «0.
853 2287 950 2339 Macer
963 2291 1128 2341 auctoritate

134 2375 242 2436 semper
261 2367 352 2434 eguit,
384 2361 430 2414 sed
449 2361 502 2416 fuit
521 2359 873 2436 patronus'propemodum
891 2361 1128 2434 diligentissimus.

134 2434 222 2491 liuius
242 2443 265 2490 ti
285 2443 355 2502 vita,
375 2442 398 2490 si
419 2454 528 2504 mores,
547 2443 571 2490 si
590 2437 680 2491 vultus
700 2436 818 2509 denique
835 2453 893 2490 non
912 2452 1024 2491 omnem
1044 2454 1129 2491 com-

133 2510 340 2564 mendationem
351 2517 456 2584 ingenii
469 2529 601 2566 everteret
611 2510 703 2581 (Erue
723 2515 895 2581 evertisset),
914 2517 1002 2565 maius
1026 2519 1130 2566 nomen

134 2587 166 2636 in
184 2591 307 2658 patronis
333 2584 439 2640 fuisset.
490 2589 552 2640 Non
573 2601 630 2640 eret
658 2584 813 2652 abundans,
845 2603 902 2639 non
922 2591 1000 2659 inops
1020 2601 1129 2648 tamem

134 2677 193 2712 non
211 2656 288 2713 vaide
307 2665 415 2726 nitens,
443 2677 501 2714 non
526 2659 605 2733 plane
627 2659 738 2714 horrida
757 2664 862 2713 oratio:
887 2676 957 2725 vox,
990 2675 1080 2732 gertus
1099 2675 1129 2714 et
1233 2677 1238 2686 ·

135 2739 225 2787 omnis
251 2739 326 2788 totio
351 2740 410 2787 sine
438 2735 544 2808 lepore:
576 2751 604 2790 at
629 2740 660 2788 in
685 2733 855 2788 inveniendis
875 2734 1129 2808 componendisque

134 2808 216 2862 rebus
235 2814 305 2864 miss
325 2815 479 2874 accuratim
499 2828 529 2864 ut
549 2827 604 2863 uon
623 2809 704 2863 facile
724 2815 753 2863 in
772 2803 827 2862 nlla
842 2807 1045 2882 diligentiorem
1063 2826 1129 2863 ma-

133 2887 277 2956 ioremque
303 2889 493 2956 cognoverim,
518 2883 565 2938 sed
594 2901 655 2938 eam
680 2901 710 2938 ut
729 2890 812 2938 citius
832 2889 1025 2938 veteratoriam
1044 2902 1128 2957 quam

133 2965 286 3014 oratoriam
315 2957 432 3017 diceres.
481 2962 535 3015 Hic
552 2965 602 3014 etti
623 2965 705 3014 etiam
725 2965 754 3014 in
774 2959 893 3032 publicis
913 2965 1002 3014 causis
1022 2960 1127 3032 proba-

133 3032 234 3102 batur,
253 3039 394 3090 tamenin
414 3041 528 3108 privatio
548 3035 724 3090 illustriorem
743 3034 888 3088 obtinebat
906 3033 1034 3089 locum.”
1066 3038 1126 3089 Cic.

133 3107 212 3165 Brut.
233 3111 266 3164 C.
285 3113 332 3169 67.
369 3109 451 3180 Quod
470 3110 580 3184 quidem
600 3109 732 3166 iudicium
751 3112 817 3162 huit
836 3115 956 3164 orationi
975 3125 1033 3160 non
1046 3110 1127 3180 plane

133 3187 296 3256 respondtit
328 3190 451 3256 quamvis
479 3192 554 3239 enim
582 3201 609 3239 et
634 3190 823 3240 inventionem
849 3201 875 3238 et
896 3187 1127 3256 compositionem

22 3271 24 3280 ’
133 3261 194 3311 iure
223 3258 391 3327 laudaverit,
421 3276 529 3314 summa
544 3275 650 3313 ·tamen
677 3259 859 3313 admiratione
885 3258 982 3331 dignm
1010 3275 1073 3312 noer
1097 3275 1125 3314 et

133 3349 263 3402 praesens
283 3339 400 3400 animus,
419 3341 520 3390 mentis
540 3333 630 3388 fervor
649 3349 676 3388 et
695 3350 802 3388 summa
814 3331 974 3406 prudentia,
994 3349 1046 3404 qua
1065 3334 1125 3407 ple.

133 3405 179 3460 bis
205 3413 328 3480 ignaviae
354 3411 482 3464 stimulos
507 3408 643 3463 admovet.
680 3412 774 3479 Neque
793 3409 956 3475 virtutibus,
987 3425 1055 3480 quae
1074 3408 1124 3463 di·-

88 3513 90 3520 >
135 3496 253 3547 cuntur,
272 3489 400 3539 oratoriis
420 3486 487 3540 haec
506 3485 615 3538 excellit
635 3489 738 3540 oratio:
763 3488 863 3537 veritas
883 3490 958 3536 enim
977 3500 1004 3536 et
1024 3483 1125 3538 nobilis

134 3555 269 3627 quaedam
302 3562 386 3611 animi
417 3559 529 3613 libertas
549 3565 636 3632 magis
656 3559 835 3632 simplicitate
854 3572 936 3630 quarn
957 3565 1125 3612 ornamentis

134 3630 355 3687 commendatur.
392 3635 598 3688 Nihilominus
619 3650 711 3688 tamen
730 3651 773 3687 res
799 3639 906 3706 saepius
927 3640 1044 3707 agitata,
1070 3639 1125 3686 tri-

133 3703 264 3760 buniciae
309 3713 433 3762 otestatis
457 3713 615 3775 restitutio,
647 3726 703 3762 non
730 3714 837 3760 minore
864 3725 926 3762 curn
945 3715 1024 3782 copia
1043 3725 1126 3777 quam

134 3797 207 3835 novo
227 3727 343 3854 quodam
368 3782 478 3836 dicendi
502 3775 599 3856 gene-re
626 3799 742 3838 tractata
761 3800 811 3838 est.
831 3785 974 3839 Gnstscn.
1011 3781 1141 3835 Scilicet‘

135 3856 269 3910 Salustius
289 3863 413 3911 universe
432 3858 542 3930 quidem
562 3875 594 3913 ao
612 3863 764 3933 generatim
781 3875 941 3924 oratorum,
960 3874 1027 3930 quos
1041 3856 1124 3910 verba

135 3926 268 3987 iacientes
287 3933 413 4000 inducit,
446 3939 587 4006 ingenium
613 3941 750 4007 genusque
771 3933 880 3987 dicendi
901 3936 1046 4006 expressit,
1077 3929 1124 3985 sed

135 4001 221 4060 libere
249 4027 299 4081 pro
325 4012 453 4062 instituto
481 4026 531 4062 suo
560 4025 590 4062 ea
620 4016 648 4062 in
677 4028 705 4060 re
730 4025 851 4062 versatus
871 4025 926 4075 est,
958 4010 1058 4079 quippe
1077 4012 1124 4078 qui

135 4077 280 4165 historici,
299 4101 354 4136 non
375 4087 505 4156 eclogarii
525 4085 648 4156 partibus
667 4081 836 4156 iungeretur.
874 4085 927 4137 Os.

192 4158 215 4223 l·
236 4168 260 4214 i.
280 4159 377 4211 Lectio
396 4161 486 4212 Vatis.
505 4175 576 4223 sec.,
604 4164 682 4212 ouius
708 4165 822 4212 omnino
847 4176 895 4231 per
920 4173 948 4209 se
967 4160 1063 4228 exigua
1083 4172 1124 4210 est

137 4237 305 4304 auctoritas,
329 4233 495 4306 docendique
514 4251 591 4288 mero
611 4239 695 4288 errori
716 4232 859 4290 tribuenda
878 4229 1003 4302 videtur,
1023 4247 1124 4302 quam-
