<?xml version="1.0" encoding="UTF-8"?>
<!DOCTYPE html PUBLIC "-//W3C//DTD XHTML 1.0 Transitional//EN"
    "http://www.w3.org/TR/xhtml1/DTD/xhtml1-transitional.dtd">
<html xmlns="http://www.w3.org/1999/xhtml" xml:lang="en" lang="en">
 <head>
  <title>
</title>
<meta http-equiv="Content-Type" content="text/html;charset=utf-8" />
  <meta name='ocr-system' content='tesseract 3.04.00' />
  <meta name='ocr-capabilities' content='ocr_page ocr_carea ocr_par ocr_line ocrx_word'/>
</head>
<body>
  <div class='ocr_page' id='page_1' title='image "./orationesetepis00sallgoog/orationesetepis00sallgoog_0044.png"; bbox 0 0 2848 4928; ppageno 0'>
   <div class='ocr_carea' id='block_1_1' title="bbox 1115 372 1156 439">
    <p class='ocr_par' dir='ltr' id='par_1_1' title="bbox 1115 372 1156 439">
     <span class='ocr_line' id='line_1_1' title="bbox 1115 372 1156 439; baseline 0.146 -6"><span class='ocrx_word' id='word_1_1' title='bbox 1115 372 1156 439; x_wconf 83' lang='grc'><em>39</em></span> 
     </span>
    </p>
   </div>
   <div class='ocr_carea' id='block_1_2' title="bbox 151 479 1157 734">
    <p class='ocr_par' dir='ltr' id='par_1_2' title="bbox 151 479 1157 734">
     <span class='ocr_line' id='line_1_2' title="bbox 153 479 1157 583; baseline -0.004 -17"><span class='ocrx_word' id='word_1_2' title='bbox 153 513 291 583; x_wconf 75' lang='lat' dir='ltr'><em>neglexi,</em></span> <span class='ocrx_word' id='word_1_3' title='bbox 323 509 370 566; x_wconf 77' lang='lat' dir='ltr'><em>ted</em></span> <span class='ocrx_word' id='word_1_4' title='bbox 399 511 535 566; x_wconf 76' lang='lat' dir='ltr'><em>Aetnilius</em></span> <span class='ocrx_word' id='word_1_5' title='bbox 564 510 661 564; x_wconf 86' lang='lat' dir='ltr'><em>Macer</em></span> <span class='ocrx_word' id='word_1_6' title='bbox 686 479 817 564; x_wconf 64' lang='lat' dir='ltr'><em>bmnium</em></span> <span class='ocrx_word' id='word_1_7' title='bbox 845 519 972 564; x_wconf 83' lang='lat' dir='ltr'><em>nostrum</em></span> <span class='ocrx_word' id='word_1_8' title='bbox 998 509 1157 582; x_wconf 76' lang='lat' dir='ltr'><em>neglegerit</em></span> 
     </span>
     <span class='ocr_line' id='line_1_3' title="bbox 151 585 1003 660; baseline -0.005 -18"><span class='ocrx_word' id='word_1_9' title='bbox 151 593 371 642; x_wconf 84' lang='lat' dir='ltr'><em>auctoritatem.</em></span> <span class='ocrx_word' id='word_1_10' title='bbox 390 585 509 652; x_wconf 86' lang='lat' dir='ltr'><em>(collato</em></span> <span class='ocrx_word' id='word_1_11' title='bbox 527 587 615 640; x_wconf 84' lang='lat' dir='ltr'><em>Prisc.</em></span> <span class='ocrx_word' id='word_1_12' title='bbox 635 587 667 644; x_wconf 84' lang='lat' dir='ltr'><em>L.</em></span> <span class='ocrx_word' id='word_1_13' title='bbox 687 591 731 644; x_wconf 85' lang='lat'><em>10.</em></span> <span class='ocrx_word' id='word_1_14' title='bbox 751 607 778 660; x_wconf 86' lang='lat' dir='ltr'><em>p·</em></span> <span class='ocrx_word' id='word_1_15' title='bbox 799 589 862 646; x_wconf 80' lang='lat'><strong>895.</strong></span> <span class='ocrx_word' id='word_1_16' title='bbox 882 588 924 652; x_wconf 92' lang='lat' dir='ltr'><em>P.)</em></span> <span class='ocrx_word' id='word_1_17' title='bbox 950 587 1003 639; x_wconf 79' lang='lat' dir='ltr'><em>On.</em></span> 
     </span>
     <span class='ocr_line' id='line_1_4' title="bbox 162 661 1156 734; baseline -0.002 -20"><span class='ocrx_word' id='word_1_18' title='bbox 162 675 164 683; x_wconf 92' lang='grc'><strong><em>·</em></strong></span> <span class='ocrx_word' id='word_1_19' title='bbox 216 666 241 732; x_wconf 85' lang='lat'><em>§.</em></span> <span class='ocrx_word' id='word_1_20' title='bbox 262 671 306 720; x_wconf 86' lang='lat'><em>10.</em></span> <span class='ocrx_word' id='word_1_21' title='bbox 327 661 443 728; x_wconf 79' lang='lat' dir='ltr'><em>incedit]</em></span> <span class='ocrx_word' id='word_1_22' title='bbox 459 661 590 734; x_wconf 77' lang='lat' dir='ltr'><strong>Iugurtha</strong></span> <span class='ocrx_word' id='word_1_23' title='bbox 606 665 652 720; x_wconf 81' lang='lat'><em>31.</em></span> <span class='ocrx_word' id='word_1_24' title='bbox 665 661 794 715; x_wconf 85' lang='lat' dir='ltr'><em>incedunt</em></span> <span class='ocrx_word' id='word_1_25' title='bbox 804 679 855 731; x_wconf 82' lang='lat' dir='ltr'><em>per</em></span> <span class='ocrx_word' id='word_1_26' title='bbox 868 678 920 712; x_wconf 84' lang='lat' dir='ltr'><em>ara</em></span> <span class='ocrx_word' id='word_1_27' title='bbox 929 669 1028 713; x_wconf 83' lang='lat' dir='ltr'><em>vestra</em></span> <span class='ocrx_word' id='word_1_28' title='bbox 1040 666 1156 730; x_wconf 81' lang='lat' dir='ltr'><em>magni-</em></span> 
     </span>
    </p>
   </div>
   <div class='ocr_carea' id='block_1_3' title="bbox 144 735 1310 812">
    <p class='ocr_par' dir='ltr' id='par_1_3' title="bbox 144 735 1310 812">
     <span class='ocr_line' id='line_1_5' title="bbox 144 735 1310 812; baseline -0.005 -20"><span class='ocrx_word' id='word_1_29' title='bbox 144 737 219 812; x_wconf 82' lang='lat' dir='ltr'><em>fici.</em></span> <span class='ocrx_word' id='word_1_30' title='bbox 241 763 276 780; x_wconf 88' lang='lat'><em>-</em></span> <span class='ocrx_word' id='word_1_31' title='bbox 296 737 389 790; x_wconf 86' lang='lat' dir='ltr'><em>Etiam</em></span> <span class='ocrx_word' id='word_1_32' title='bbox 399 735 470 810; x_wconf 87' lang='lat' dir='ltr'><em>apud</em></span> <span class='ocrx_word' id='word_1_33' title='bbox 481 739 549 804; x_wconf 62' lang='lat' dir='ltr'><em>Cic„</em></span> <span class='ocrx_word' id='word_1_34' title='bbox 563 738 652 797; x_wconf 82' lang='lat' dir='ltr'><em>sicubi</em></span> <span class='ocrx_word' id='word_1_35' title='bbox 666 741 751 790; x_wconf 88' lang='lat' dir='ltr'><em>etiarn</em></span> <span class='ocrx_word' id='word_1_36' title='bbox 762 753 836 790; x_wconf 89' lang='lat' dir='ltr'><em>nunc</em></span> <span class='ocrx_word' id='word_1_37' title='bbox 845 735 945 808; x_wconf 81' lang='lat' dir='ltr'><em>legitur</em></span> <span class='ocrx_word' id='word_1_38' title='bbox 954 735 1157 808; x_wconf 72' lang='lat' dir='ltr'><em>labefactatus,</em></span> <span class='ocrx_word' id='word_1_39' title='bbox 1207 755 1209 760; x_wconf 67' lang='grc'>’</span> <span class='ocrx_word' id='word_1_40' title='bbox 1307 741 1310 752; x_wconf 91' lang='grc'>’</span> 
     </span>
    </p>
   </div>
   <div class='ocr_carea' id='block_1_4' title="bbox 150 809 1242 2456">
    <p class='ocr_par' dir='ltr' id='par_1_4' title="bbox 150 809 1242 2456">
     <span class='ocr_line' id='line_1_6' title="bbox 151 809 1157 886; baseline -0.002 -20"><span class='ocrx_word' id='word_1_41' title='bbox 151 815 289 867; x_wconf 85' lang='lat' dir='ltr'><em>meliores</em></span> <span class='ocrx_word' id='word_1_42' title='bbox 305 810 372 866; x_wconf 89' lang='lat' dir='ltr'><em>Cdd.</em></span> <span class='ocrx_word' id='word_1_43' title='bbox 389 809 477 865; x_wconf 82' lang='lat' dir='ltr'><em>ferme</em></span> <span class='ocrx_word' id='word_1_44' title='bbox 492 813 623 886; x_wconf 74' lang='lat' dir='ltr'>praebent</span> <span class='ocrx_word' id='word_1_45' title='bbox 635 810 805 884; x_wconf 70' lang='lat' dir='ltr'><em>labefactus.</em></span> <span class='ocrx_word' id='word_1_46' title='bbox 845 813 927 880; x_wconf 83' lang='lat' dir='ltr'><em>(Cato</em></span> <span class='ocrx_word' id='word_1_47' title='bbox 937 810 1033 884; x_wconf 65' lang='lat' dir='ltr'><em>Mo.)</em></span> <span class='ocrx_word' id='word_1_48' title='bbox 1046 841 1083 854; x_wconf 90' lang='lat'><em>-</em></span> <span class='ocrx_word' id='word_1_49' title='bbox 1103 812 1157 865; x_wconf 86' lang='lat' dir='ltr'><em>Se-</em></span> 
     </span>
     <span class='ocr_line' id='line_1_7' title="bbox 150 886 1157 956; baseline -0.004 -14"><span class='ocrx_word' id='word_1_50' title='bbox 150 905 229 942; x_wconf 85' lang='lat' dir='ltr'><em>neca</em></span> <span class='ocrx_word' id='word_1_51' title='bbox 248 887 353 941; x_wconf 85' lang='lat' dir='ltr'><em>Rhetor</em></span> <span class='ocrx_word' id='word_1_52' title='bbox 373 886 547 942; x_wconf 78' lang='lat' dir='ltr'><em>Controuers.</em></span> <span class='ocrx_word' id='word_1_53' title='bbox 568 890 601 952; x_wconf 72' lang='lat'><em>4,</em></span> <span class='ocrx_word' id='word_1_54' title='bbox 622 889 668 945; x_wconf 74' lang='grc'><em>24.</em></span> <span class='ocrx_word' id='word_1_55' title='bbox 705 887 830 944; x_wconf 76' lang='lat' dir='ltr'><em>Arellius</em></span> <span class='ocrx_word' id='word_1_56' title='bbox 841 888 944 938; x_wconf 87' lang='lat' dir='ltr'><em>Fuscus</em></span> <span class='ocrx_word' id='word_1_57' title='bbox 957 887 1053 937; x_wconf 86' lang='lat' dir='ltr'><em>retulit</em></span> <span class='ocrx_word' id='word_1_58' title='bbox 1064 905 1157 956; x_wconf 78' lang='lat' dir='ltr'><em>prian-</em></span> 
     </span>
     <span class='ocr_line' id='line_1_8' title="bbox 151 957 1157 1042; baseline 0.003 -28"><span class='ocrx_word' id='word_1_59' title='bbox 151 964 225 1016; x_wconf 83' lang='lat' dir='ltr'><em>dam</em></span> <span class='ocrx_word' id='word_1_60' title='bbox 244 960 416 1042; x_wconf 68' lang='grc' dir='ltr'><strong><em>ΤΙυιιγᾰὶάίι</em></strong></span> <span class='ocrx_word' id='word_1_61' title='bbox 434 965 619 1014; x_wconf 84' lang='lat' dir='ltr'><em>sententiam:</em></span> <span class='ocrx_word' id='word_1_62' title='bbox 648 957 744 1020; x_wconf 78' lang='grc' dir='ltr'><strong><em>δειναί</em></strong></span> <span class='ocrx_word' id='word_1_63' title='bbox 770 958 831 1040; x_wconf 85' lang='grc' dir='ltr'><em>γὰρ</em></span> <span class='ocrx_word' id='word_1_64' title='bbox 851 969 885 1020; x_wconf 87' lang='grc' dir='ltr'><strong><em>αὶ</em></strong></span> <span class='ocrx_word' id='word_1_65' title='bbox 903 959 1062 1038; x_wconf 79' lang='grc' dir='ltr'><strong><em>εὐπραξίαι</em></strong></span> <span class='ocrx_word' id='word_1_66' title='bbox 1081 981 1157 1040; x_wconf 86' lang='grc' dir='ltr'><strong><em>συγ-</em></strong></span> 
     </span>
     <span class='ocr_line' id='line_1_9' title="bbox 150 1032 1156 1116; baseline -0.005 -21"><span class='ocrx_word' id='word_1_67' title='bbox 150 1039 282 1116; x_wconf 85' lang='grc' dir='ltr'><strong><em>κρύψαι</em></strong></span> <span class='ocrx_word' id='word_1_68' title='bbox 306 1034 362 1095; x_wconf 81' lang='grc' dir='ltr'><strong><em>καὶ</em></strong></span> <span class='ocrx_word' id='word_1_69' title='bbox 388 1035 556 1094; x_wconf 79' lang='grc' dir='ltr'><strong><em>συσκιάσαι</em></strong></span> <span class='ocrx_word' id='word_1_70' title='bbox 582 1034 623 1094; x_wconf 85' lang='grc' dir='ltr'><em>τά</em></span> <span class='ocrx_word' id='word_1_71' title='bbox 642 1035 780 1094; x_wconf 78' lang='grc' dir='ltr'><em>ἑκάστων</em></span> <span class='ocrx_word' id='word_1_72' title='bbox 799 1032 1021 1116; x_wconf 78' lang='grc' dir='ltr'><strong><em>ἁμαρτήματα·</em></strong></span> <span class='ocrx_word' id='word_1_73' title='bbox 1059 1033 1156 1088; x_wconf 85' lang='lat' dir='ltr'><em>deinde</em></span> 
     </span>
     <span class='ocr_line' id='line_1_10' title="bbox 150 1109 1157 1166; baseline -0.002 0"><span class='ocrx_word' id='word_1_74' title='bbox 150 1114 351 1166; x_wconf 84' lang='lat' dir='ltr'><em>Salustianum</em></span> <span class='ocrx_word' id='word_1_75' title='bbox 379 1114 444 1165; x_wconf 76' lang='lat' dir='ltr'><em>liet</em></span> <span class='ocrx_word' id='word_1_76' title='bbox 475 1109 653 1165; x_wconf 84' lang='lat' dir='ltr'><em>secundae</em></span> <span class='ocrx_word' id='word_1_77' title='bbox 678 1116 764 1164; x_wconf 88' lang='lat' dir='ltr'><em>mire</em></span> <span class='ocrx_word' id='word_1_78' title='bbox 793 1127 876 1165; x_wconf 88' lang='lat' dir='ltr'><em>sunt</em></span> <span class='ocrx_word' id='word_1_79' title='bbox 901 1114 1008 1165; x_wconf 85' lang='lat' dir='ltr'><em>vitiis</em></span> <span class='ocrx_word' id='word_1_80' title='bbox 1028 1109 1157 1164; x_wconf 85' lang='lat' dir='ltr'><em>obten-</em></span> 
     </span>
     <span class='ocr_line' id='line_1_11' title="bbox 152 1184 1157 1260; baseline -0.005 -18"><span class='ocrx_word' id='word_1_81' title='bbox 152 1193 221 1242; x_wconf 86' lang='lat' dir='ltr'><em>tui.</em></span> <span class='ocrx_word' id='word_1_82' title='bbox 273 1186 362 1256; x_wconf 86' lang='lat' dir='ltr'><em>Quum</em></span> <span class='ocrx_word' id='word_1_83' title='bbox 390 1192 431 1238; x_wconf 89' lang='lat' dir='ltr'><em>sit</em></span> <span class='ocrx_word' id='word_1_84' title='bbox 451 1191 604 1258; x_wconf 79' lang='lat' dir='ltr'><em>praecipua</em></span> <span class='ocrx_word' id='word_1_85' title='bbox 631 1193 662 1240; x_wconf 91' lang='lat' dir='ltr'><em>in</em></span> <span class='ocrx_word' id='word_1_86' title='bbox 688 1186 851 1260; x_wconf 78' lang='lat' dir='ltr'><em>Thucydide</em></span> <span class='ocrx_word' id='word_1_87' title='bbox 875 1191 969 1238; x_wconf 83' lang='lat' dir='ltr'><em>uirtus</em></span> <span class='ocrx_word' id='word_1_88' title='bbox 988 1184 1157 1252; x_wconf 81' lang='lat' dir='ltr'><em>brevitatis,</em></span> 
     </span>
     <span class='ocr_line' id='line_1_12' title="bbox 152 1261 1158 1316; baseline 0 -2"><span class='ocrx_word' id='word_1_89' title='bbox 152 1261 210 1316; x_wconf 79' lang='lat' dir='ltr'><em>bac</em></span> <span class='ocrx_word' id='word_1_90' title='bbox 230 1279 291 1312; x_wconf 89' lang='lat' dir='ltr'><em>eum</em></span> <span class='ocrx_word' id='word_1_91' title='bbox 310 1261 450 1314; x_wconf 77' lang='lat' dir='ltr'><em>Salustius</em></span> <span class='ocrx_word' id='word_1_92' title='bbox 474 1266 547 1314; x_wconf 83' lang='lat' dir='ltr'><em>vicit</em></span> <span class='ocrx_word' id='word_1_93' title='bbox 572 1269 600 1314; x_wconf 86' lang='lat' dir='ltr'><em>el</em></span> <span class='ocrx_word' id='word_1_94' title='bbox 618 1267 648 1315; x_wconf 89' lang='lat' dir='ltr'><em>in</em></span> <span class='ocrx_word' id='word_1_95' title='bbox 666 1265 725 1314; x_wconf 83' lang='lat' dir='ltr'><em>suis</em></span> <span class='ocrx_word' id='word_1_96' title='bbox 743 1263 821 1313; x_wconf 89' lang='lat' dir='ltr'><em>illum</em></span> <span class='ocrx_word' id='word_1_97' title='bbox 838 1267 942 1314; x_wconf 81' lang='lat' dir='ltr'><em>castris</em></span> <span class='ocrx_word' id='word_1_98' title='bbox 954 1261 1062 1314; x_wconf 86' lang='lat' dir='ltr'><em>cecidit.</em></span> <span class='ocrx_word' id='word_1_99' title='bbox 1081 1261 1158 1314; x_wconf 90' lang='lat' dir='ltr'><em>Nam</em></span> 
     </span>
     <span class='ocr_line' id='line_1_13' title="bbox 150 1335 1158 1408; baseline -0.003 -18"><span class='ocrx_word' id='word_1_100' title='bbox 150 1342 188 1390; x_wconf 84' lang='lat' dir='ltr'><em>in</em></span> <span class='ocrx_word' id='word_1_101' title='bbox 206 1341 347 1389; x_wconf 86' lang='lat' dir='ltr'><em>sententia</em></span> <span class='ocrx_word' id='word_1_102' title='bbox 367 1337 478 1389; x_wconf 88' lang='lat' dir='ltr'><em>Graeca</em></span> <span class='ocrx_word' id='word_1_103' title='bbox 497 1345 556 1390; x_wconf 85' lang='lat' dir='ltr'><em>tam</em></span> <span class='ocrx_word' id='word_1_104' title='bbox 574 1337 655 1391; x_wconf 82' lang='lat' dir='ltr'><em>breui</em></span> <span class='ocrx_word' id='word_1_105' title='bbox 673 1337 775 1405; x_wconf 76' lang='lat' dir='ltr'><em>habes,</em></span> <span class='ocrx_word' id='word_1_106' title='bbox 808 1356 876 1408; x_wconf 79' lang='lat' dir='ltr'><em>quae</em></span> <span class='ocrx_word' id='word_1_107' title='bbox 895 1337 977 1388; x_wconf 82' lang='lat' dir='ltr'><em>saluo</em></span> <span class='ocrx_word' id='word_1_108' title='bbox 997 1354 1080 1386; x_wconf 88' lang='lat' dir='ltr'><em>sensu</em></span> <span class='ocrx_word' id='word_1_109' title='bbox 1103 1335 1158 1387; x_wconf 89' lang='lat' dir='ltr'><em>de-</em></span> 
     </span>
     <span class='ocr_line' id='line_1_14' title="bbox 151 1407 1157 1490; baseline 0.003 -25"><span class='ocrx_word' id='word_1_110' title='bbox 151 1411 276 1465; x_wconf 79' lang='lat' dir='ltr'><em>trahas:</em></span> <span class='ocrx_word' id='word_1_111' title='bbox 296 1412 372 1464; x_wconf 79' lang='lat' dir='ltr'><em>demi</em></span> <span class='ocrx_word' id='word_1_112' title='bbox 391 1412 440 1464; x_wconf 85' lang='lat' dir='ltr'><em>uel</em></span> <span class='ocrx_word' id='word_1_113' title='bbox 457 1419 637 1490; x_wconf 76' lang='grc' dir='ltr'><strong><em>συγκρύψαι</em></strong></span> <span class='ocrx_word' id='word_1_114' title='bbox 654 1413 702 1466; x_wconf 83' lang='lat' dir='ltr'><em>uel</em></span> <span class='ocrx_word' id='word_1_115' title='bbox 718 1411 900 1476; x_wconf 81' lang='grc' dir='ltr'><strong><em>συσκιάσαι,</em></strong></span> <span class='ocrx_word' id='word_1_116' title='bbox 920 1410 996 1462; x_wconf 87' lang='lat' dir='ltr'><em>deme</em></span> <span class='ocrx_word' id='word_1_117' title='bbox 1009 1407 1157 1469; x_wconf 76' lang='grc' dir='ltr'><strong><em>ἑκάστων·</em></strong></span> 
     </span>
     <span class='ocr_line' id='line_1_15' title="bbox 150 1487 1158 1559; baseline -0.002 -19"><span class='ocrx_word' id='word_1_118' title='bbox 150 1487 300 1556; x_wconf 70' lang='lat' dir='ltr'><em>constabit</em></span> <span class='ocrx_word' id='word_1_119' title='bbox 318 1503 432 1552; x_wconf 80' lang='lat' dir='ltr'><em>sensns,</em></span> <span class='ocrx_word' id='word_1_120' title='bbox 463 1491 592 1539; x_wconf 87' lang='lat' dir='ltr'><em>etiamsi</em></span> <span class='ocrx_word' id='word_1_121' title='bbox 613 1506 669 1540; x_wconf 91' lang='lat' dir='ltr'><em>non</em></span> <span class='ocrx_word' id='word_1_122' title='bbox 690 1507 774 1559; x_wconf 80' lang='lat' dir='ltr'><em>aeque</em></span> <span class='ocrx_word' id='word_1_123' title='bbox 794 1494 936 1556; x_wconf 84' lang='lat' dir='ltr'><em>comptus,</em></span> <span class='ocrx_word' id='word_1_124' title='bbox 956 1503 1040 1555; x_wconf 83' lang='lat' dir='ltr'><em>aeque</em></span> <span class='ocrx_word' id='word_1_125' title='bbox 1062 1494 1158 1538; x_wconf 87' lang='lat' dir='ltr'><em>tamen</em></span> 
     </span>
     <span class='ocr_line' id='line_1_16' title="bbox 150 1559 1157 1630; baseline -0.001 -15"><span class='ocrx_word' id='word_1_126' title='bbox 150 1569 280 1630; x_wconf 78' lang='lat' dir='ltr'><em>integer.</em></span> <span class='ocrx_word' id='word_1_127' title='bbox 318 1563 361 1612; x_wconf 79' lang='lat' dir='ltr'><em>Ar</em></span> <span class='ocrx_word' id='word_1_128' title='bbox 381 1581 418 1612; x_wconf 75' lang='lat' dir='ltr'><em>ex</em></span> <span class='ocrx_word' id='word_1_129' title='bbox 437 1562 555 1614; x_wconf 79' lang='lat' dir='ltr'><em>Salustii</em></span> <span class='ocrx_word' id='word_1_130' title='bbox 573 1569 714 1616; x_wconf 80' lang='lat' dir='ltr'><em>sententia</em></span> <span class='ocrx_word' id='word_1_131' title='bbox 732 1561 803 1614; x_wconf 87' lang='lat' dir='ltr'><em>niltil</em></span> <span class='ocrx_word' id='word_1_132' title='bbox 821 1561 893 1612; x_wconf 88' lang='lat' dir='ltr'><em>demi</em></span> <span class='ocrx_word' id='word_1_133' title='bbox 910 1567 970 1612; x_wconf 89' lang='lat' dir='ltr'><em>sine</em></span> <span class='ocrx_word' id='word_1_134' title='bbox 989 1559 1157 1614; x_wconf 80' lang='lat' dir='ltr'><em>detrimenta</em></span> 
     </span>
     <span class='ocr_line' id='line_1_17' title="bbox 150 1633 1157 1706; baseline -0.002 -16"><span class='ocrx_word' id='word_1_135' title='bbox 150 1655 256 1690; x_wconf 83' lang='lat' dir='ltr'><em>sensus</em></span> <span class='ocrx_word' id='word_1_136' title='bbox 270 1644 375 1706; x_wconf 81' lang='lat' dir='ltr'><em>potest.</em></span> <span class='ocrx_word' id='word_1_137' title='bbox 413 1637 595 1704; x_wconf 74' lang='lat' dir='ltr'><em>Menanter,</em></span> <span class='ocrx_word' id='word_1_138' title='bbox 615 1653 645 1692; x_wconf 89' lang='lat' dir='ltr'><em>ut</em></span> <span class='ocrx_word' id='word_1_139' title='bbox 664 1637 790 1691; x_wconf 85' lang='lat' dir='ltr'><em>solebant</em></span> <span class='ocrx_word' id='word_1_140' title='bbox 803 1651 921 1702; x_wconf 79' lang='lat' dir='ltr'><em>vererer,</em></span> <span class='ocrx_word' id='word_1_141' title='bbox 941 1633 1035 1690; x_wconf 86' lang='lat' dir='ltr'><em>locum</em></span> <span class='ocrx_word' id='word_1_142' title='bbox 1048 1634 1157 1699; x_wconf 62' lang='lat' dir='ltr'><em>attolite</em></span> 
     </span>
     <span class='ocr_line' id='line_1_18' title="bbox 150 1708 1156 1785; baseline -0.006 -19"><span class='ocrx_word' id='word_1_143' title='bbox 150 1727 222 1766; x_wconf 87' lang='lat' dir='ltr'><em>narn</em></span> <span class='ocrx_word' id='word_1_144' title='bbox 242 1726 269 1764; x_wconf 87' lang='lat' dir='ltr'><em>et</em></span> <span class='ocrx_word' id='word_1_145' title='bbox 280 1711 485 1766; x_wconf 77' lang='lat' dir='ltr'><em>Demosthenis</em></span> <span class='ocrx_word' id='word_1_146' title='bbox 505 1727 563 1779; x_wconf 84' lang='grc' dir='ltr'><strong><em>ιιι,</em></strong></span> <span class='ocrx_word' id='word_1_147' title='bbox 580 1730 639 1766; x_wconf 87' lang='lat' dir='ltr'><em>non</em></span> <span class='ocrx_word' id='word_1_148' title='bbox 658 1711 845 1785; x_wconf 80' lang='lat' dir='ltr'><em>Thucydidis,</em></span> <span class='ocrx_word' id='word_1_149' title='bbox 865 1726 891 1764; x_wconf 89' lang='lat' dir='ltr'><em>et</em></span> <span class='ocrx_word' id='word_1_150' title='bbox 911 1709 992 1764; x_wconf 82' lang='lat' dir='ltr'><em>verba</em></span> <span class='ocrx_word' id='word_1_151' title='bbox 1018 1714 1076 1782; x_wconf 84' lang='lat' dir='ltr'><em>ipsa</em></span> <span class='ocrx_word' id='word_1_152' title='bbox 1097 1708 1156 1762; x_wconf 89' lang='lat' dir='ltr'><em>dii-</em></span> 
     </span>
     <span class='ocr_line' id='line_1_19' title="bbox 150 1779 1157 1863; baseline 0 -23"><span class='ocrx_word' id='word_1_153' title='bbox 150 1785 249 1840; x_wconf 78' lang='lat' dir='ltr'><em>ierunt</em></span> <span class='ocrx_word' id='word_1_154' title='bbox 269 1786 458 1856; x_wconf 85' lang='lat' dir='ltr'><em>aliquantum:</em></span> <span class='ocrx_word' id='word_1_155' title='bbox 479 1785 593 1860; x_wconf 83' lang='lat' dir='ltr'><em>Olynth.</em></span> <span class='ocrx_word' id='word_1_156' title='bbox 612 1793 649 1852; x_wconf 83' lang='lat'><em>2,</em></span> <span class='ocrx_word' id='word_1_157' title='bbox 670 1794 715 1844; x_wconf 83' lang='lat'><em>20.</em></span> <span class='ocrx_word' id='word_1_158' title='bbox 753 1793 787 1844; x_wconf 85' lang='lat' dir='ltr'><em>ai</em></span> <span class='ocrx_word' id='word_1_159' title='bbox 805 1782 863 1863; x_wconf 82' lang='grc' dir='ltr'><em>γάρ</em></span> <span class='ocrx_word' id='word_1_160' title='bbox 883 1782 1042 1862; x_wconf 83' lang='grc' dir='ltr'><strong><em>εὐπραξίαι</em></strong></span> <span class='ocrx_word' id='word_1_161' title='bbox 1060 1779 1157 1842; x_wconf 70' lang='grc' dir='ltr'><strong><em>δειναὶ</em></strong></span> 
     </span>
     <span class='ocr_line' id='line_1_20' title="bbox 152 1855 1156 1938; baseline -0.01 -18"><span class='ocrx_word' id='word_1_162' title='bbox 152 1858 338 1938; x_wconf 70' lang='grc' dir='ltr'><strong><em>συγκρύψαι</em></strong></span> <span class='ocrx_word' id='word_1_163' title='bbox 356 1855 396 1917; x_wconf 84' lang='grc' dir='ltr'><em>τά</em></span> <span class='ocrx_word' id='word_1_164' title='bbox 415 1863 546 1918; x_wconf 80' lang='grc' dir='ltr'><strong><em>τοιαῦτα</em></strong></span> <span class='ocrx_word' id='word_1_165' title='bbox 565 1859 675 1934; x_wconf 77' lang='grc' dir='ltr'><strong><em>ὀνείδη.</em></strong></span> <span class='ocrx_word' id='word_1_166' title='bbox 696 1877 724 1916; x_wconf 88' lang='lat' dir='ltr'><em>et</em></span> <span class='ocrx_word' id='word_1_167' title='bbox 743 1859 988 1915; x_wconf 85' lang='lat' dir='ltr'><em>Pseudodcmosth.</em></span> <span class='ocrx_word' id='word_1_168' title='bbox 1007 1863 1037 1911; x_wconf 90' lang='lat' dir='ltr'><em>in</em></span> <span class='ocrx_word' id='word_1_169' title='bbox 1057 1875 1098 1913; x_wconf 89' lang='lat' dir='ltr'><em>or.</em></span> <span class='ocrx_word' id='word_1_170' title='bbox 1121 1857 1156 1910; x_wconf 88' lang='lat' dir='ltr'><em>ad</em></span> 
     </span>
     <span class='ocr_line' id='line_1_21' title="bbox 150 1929 1156 2014; baseline 0 -24"><span class='ocrx_word' id='word_1_171' title='bbox 150 1955 199 2009; x_wconf 85' lang='lat' dir='ltr'><em>ep.</em></span> <span class='ocrx_word' id='word_1_172' title='bbox 220 1936 343 2009; x_wconf 83' lang='lat' dir='ltr'><em>Philippi</em></span> <span class='ocrx_word' id='word_1_173' title='bbox 364 1941 409 1996; x_wconf 78' lang='lat'><em>15·</em></span> <span class='ocrx_word' id='word_1_174' title='bbox 448 1941 482 1993; x_wconf 87' lang='lat' dir='ltr'><em>al</em></span> <span class='ocrx_word' id='word_1_175' title='bbox 508 1931 568 2013; x_wconf 83' lang='grc' dir='ltr'><em>γὰρ</em></span> <span class='ocrx_word' id='word_1_176' title='bbox 595 1933 756 2014; x_wconf 78' lang='grc' dir='ltr'><strong><em>εὐπραξίαι</em></strong></span> <span class='ocrx_word' id='word_1_177' title='bbox 779 1931 875 1993; x_wconf 79' lang='grc' dir='ltr'><strong><em>δειναὶ</em></strong></span> <span class='ocrx_word' id='word_1_178' title='bbox 904 1931 1083 2011; x_wconf 76' lang='grc' dir='ltr'><strong><em>συγκρύψαι</em></strong></span> <span class='ocrx_word' id='word_1_179' title='bbox 1101 1929 1156 1990; x_wconf 76' lang='grc' dir='ltr'><strong><em>καὶ</em></strong></span> 
     </span>
     <span class='ocr_line' id='line_1_22' title="bbox 151 2005 1175 2088; baseline -0.002 -20"><span class='ocrx_word' id='word_1_180' title='bbox 151 2009 326 2068; x_wconf 89' lang='grc' dir='ltr'><strong><em>συσκιάσαι</em></strong></span> <span class='ocrx_word' id='word_1_181' title='bbox 342 2007 399 2074; x_wconf 84' lang='grc' dir='ltr'><em>τὰς</em></span> <span class='ocrx_word' id='word_1_182' title='bbox 418 2007 573 2088; x_wconf 77' lang='grc' dir='ltr'><strong><em>ἁμαρτίας</em></strong></span> <span class='ocrx_word' id='word_1_183' title='bbox 584 2013 645 2068; x_wconf 81' lang='grc' dir='ltr'><em>τῶν</em></span> <span class='ocrx_word' id='word_1_184' title='bbox 658 2007 834 2088; x_wconf 75' lang='grc' dir='ltr'><strong><em>ἀνθρώπων</em></strong></span> <span class='ocrx_word' id='word_1_185' title='bbox 849 2008 932 2067; x_wconf 79' lang='grc' dir='ltr'><strong><em>εἰσίν.</em></strong></span> <span class='ocrx_word' id='word_1_186' title='bbox 953 2037 989 2048; x_wconf 93' lang='grc'>-</span> <span class='ocrx_word' id='word_1_187' title='bbox 1008 2013 1064 2058; x_wconf 71' lang='lat' dir='ltr'><em>niti</em></span> <span class='ocrx_word' id='word_1_188' title='bbox 1074 2005 1155 2074; x_wconf 73' lang='lat' dir='ltr'><em>forle</em></span> <span class='ocrx_word' id='word_1_189' title='bbox 1171 2031 1175 2044; x_wconf 36' lang='lat' dir='ltr'><em>t</em></span> 
     </span>
     <span class='ocr_line' id='line_1_23' title="bbox 151 2083 1242 2158; baseline -0.002 -22"><span class='ocrx_word' id='word_1_190' title='bbox 151 2089 255 2157; x_wconf 84' lang='lat' dir='ltr'><em>specie]</em></span> <span class='ocrx_word' id='word_1_191' title='bbox 277 2087 361 2138; x_wconf 83' lang='lat' dir='ltr'><em>Recte</em></span> <span class='ocrx_word' id='word_1_192' title='bbox 381 2086 507 2138; x_wconf 79' lang='lat' dir='ltr'><em>Cottius:</em></span> <span class='ocrx_word' id='word_1_193' title='bbox 530 2086 667 2158; x_wconf 50' lang='lat' dir='ltr'><em>“supplc:</em></span> <span class='ocrx_word' id='word_1_194' title='bbox 689 2104 721 2138; x_wconf 82' lang='lat' dir='ltr'><em>ex</em></span> <span class='ocrx_word' id='word_1_195' title='bbox 740 2103 771 2138; x_wconf 88' lang='lat' dir='ltr'><em>su</em></span> <span class='ocrx_word' id='word_1_196' title='bbox 792 2083 926 2137; x_wconf 82' lang='lat' dir='ltr'><em>erioribus</em></span> <span class='ocrx_word' id='word_1_197' title='bbox 941 2091 1022 2134; x_wconf 88' lang='lat' dir='ltr'><em>tanto</em></span> <span class='ocrx_word' id='word_1_198' title='bbox 1041 2089 1154 2151; x_wconf 79' lang='lat' dir='ltr'><em>agmine</em></span> <span class='ocrx_word' id='word_1_199' title='bbox 1240 2116 1242 2121; x_wconf 89' lang='lat'><em>-</em></span> 
     </span>
     <span class='ocr_line' id='line_1_24' title="bbox 150 2105 1154 2232; baseline -0.001 -20"><span class='ocrx_word' id='word_1_200' title='bbox 150 2169 236 2232; x_wconf 84' lang='lat' dir='ltr'><em>atque</em></span> <span class='ocrx_word' id='word_1_201' title='bbox 256 2165 356 2211; x_wconf 88' lang='lat' dir='ltr'><em>animis</em></span> <span class='ocrx_word' id='word_1_202' title='bbox 374 2159 507 2211; x_wconf 84' lang='lat' dir='ltr'><em>incedit.&#39;&#39;</em></span> <span class='ocrx_word' id='word_1_203' title='bbox 546 2163 606 2214; x_wconf 89' lang='lat' dir='ltr'><em>Hoc</em></span> <span class='ocrx_word' id='word_1_204' title='bbox 626 2160 743 2232; x_wconf 85' lang='lat' dir='ltr'><em>abrupto</em></span> <span class='ocrx_word' id='word_1_205' title='bbox 763 2105 870 2212; x_wconf 69' lang='lat' dir='ltr'><em>dicendi</em></span> <span class='ocrx_word' id='word_1_206' title='bbox 891 2175 987 2231; x_wconf 81' lang='lat' dir='ltr'><em>genere</em></span> <span class='ocrx_word' id='word_1_207' title='bbox 1002 2159 1154 2212; x_wconf 85' lang='lat' dir='ltr'><em>vehemen-</em></span> 
     </span>
     <span class='ocr_line' id='line_1_25' title="bbox 151 2232 1155 2306; baseline -0.003 -17"><span class='ocrx_word' id='word_1_208' title='bbox 151 2238 279 2289; x_wconf 85' lang='lat' dir='ltr'><em>tissimus</em></span> <span class='ocrx_word' id='word_1_209' title='bbox 299 2239 386 2288; x_wconf 89' lang='lat' dir='ltr'><em>animi</em></span> <span class='ocrx_word' id='word_1_210' title='bbox 406 2239 546 2305; x_wconf 86' lang='lat' dir='ltr'><em>impetus,</em></span> <span class='ocrx_word' id='word_1_211' title='bbox 564 2238 611 2306; x_wconf 88' lang='lat' dir='ltr'><em>qui</em></span> <span class='ocrx_word' id='word_1_212' title='bbox 630 2239 660 2288; x_wconf 90' lang='lat' dir='ltr'><em>in</em></span> <span class='ocrx_word' id='word_1_213' title='bbox 677 2232 782 2306; x_wconf 89' lang='lat' dir='ltr'><em>Lepido</em></span> <span class='ocrx_word' id='word_1_214' title='bbox 802 2248 860 2286; x_wconf 87' lang='lat' dir='ltr'><em>erat</em></span> <span class='ocrx_word' id='word_1_215' title='bbox 870 2277 879 2301; x_wconf 91' lang='lat'><em>,</em></span> <span class='ocrx_word' id='word_1_216' title='bbox 899 2237 1003 2305; x_wconf 88' lang='lat' dir='ltr'><em>optime</em></span> <span class='ocrx_word' id='word_1_217' title='bbox 1026 2238 1155 2306; x_wconf 79' lang='lat' dir='ltr'><em>exprimi·</em></span> 
     </span>
     <span class='ocr_line' id='line_1_26' title="bbox 151 2308 1153 2379; baseline -0.004 -15"><span class='ocrx_word' id='word_1_218' title='bbox 151 2327 209 2364; x_wconf 87' lang='lat' dir='ltr'><em>tur.</em></span> <span class='ocrx_word' id='word_1_219' title='bbox 249 2310 392 2363; x_wconf 75' lang='lat' dir='ltr'><em>Gsutlcn.</em></span> <span class='ocrx_word' id='word_1_220' title='bbox 429 2309 542 2364; x_wconf 81' lang='lat' dir='ltr'><em>Dureau</em></span> <span class='ocrx_word' id='word_1_221' title='bbox 571 2309 603 2362; x_wconf 88' lang='lat' dir='ltr'><em>de</em></span> <span class='ocrx_word' id='word_1_222' title='bbox 635 2310 774 2362; x_wconf 75' lang='lat' dir='ltr'><em>Lamalle:</em></span> <span class='ocrx_word' id='word_1_223' title='bbox 803 2309 831 2360; x_wconf 90' lang='lat' dir='ltr'><em>Il</em></span> <span class='ocrx_word' id='word_1_224' title='bbox 848 2316 891 2360; x_wconf 87' lang='lat' dir='ltr'><em>est</em></span> <span class='ocrx_word' id='word_1_225' title='bbox 909 2308 1026 2373; x_wconf 79' lang='lat' dir='ltr'><em>nisibis,</em></span> <span class='ocrx_word' id='word_1_226' title='bbox 1059 2326 1109 2379; x_wconf 84' lang='lat' dir='ltr'><em>que</em></span> <span class='ocrx_word' id='word_1_227' title='bbox 1127 2310 1153 2360; x_wconf 91' lang='lat' dir='ltr'><em>le</em></span> 
     </span>
     <span class='ocr_line' id='line_1_27' title="bbox 150 2385 1152 2456; baseline -0.001 -18"><span class='ocrx_word' id='word_1_228' title='bbox 150 2392 233 2438; x_wconf 83' lang='lat' dir='ltr'><em>lescle</em></span> <span class='ocrx_word' id='word_1_229' title='bbox 262 2392 305 2436; x_wconf 83' lang='lat' dir='ltr'><em>esi</em></span> <span class='ocrx_word' id='word_1_230' title='bbox 333 2385 450 2455; x_wconf 79' lang='lat' dir='ltr'><em>tranque‘</em></span> <span class='ocrx_word' id='word_1_231' title='bbox 459 2407 471 2456; x_wconf 72' lang='lat'><em>3</em></span> <span class='ocrx_word' id='word_1_232' title='bbox 497 2386 521 2435; x_wconf 92' lang='lat' dir='ltr'><em>il</em></span> <span class='ocrx_word' id='word_1_233' title='bbox 533 2402 559 2455; x_wconf 89' lang='lat' dir='ltr'><em>y</em></span> <span class='ocrx_word' id='word_1_234' title='bbox 577 2403 694 2455; x_wconf 73' lang='lat' dir='ltr'><em>mamque</em></span> <span class='ocrx_word' id='word_1_235' title='bbox 718 2402 755 2436; x_wconf 89' lang='lat' dir='ltr'><em>un</em></span> <span class='ocrx_word' id='word_1_236' title='bbox 774 2392 842 2449; x_wconf 88' lang='lat' dir='ltr'><em>mot,</em></span> <span class='ocrx_word' id='word_1_237' title='bbox 871 2401 973 2435; x_wconf 86' lang='lat' dir='ltr'><em>comme</em></span> <span class='ocrx_word' id='word_1_238' title='bbox 993 2387 1152 2454; x_wconf 83' lang='lat' dir='ltr'><em>expiamini.</em></span> 
     </span>
    </p>
   </div>
   <div class='ocr_carea' id='block_1_5' title="bbox 151 2454 1246 2534">
    <p class='ocr_par' dir='ltr' id='par_1_5' title="bbox 151 2454 1246 2534">
     <span class='ocr_line' id='line_1_28' title="bbox 151 2454 1246 2534; baseline -0.002 -22"><span class='ocrx_word' id='word_1_239' title='bbox 151 2459 291 2532; x_wconf 86' lang='lat' dir='ltr'><em>(Debebat</em></span> <span class='ocrx_word' id='word_1_240' title='bbox 303 2459 401 2514; x_wconf 83' lang='lat' dir='ltr'><em>saltem</em></span> <span class='ocrx_word' id='word_1_241' title='bbox 414 2477 585 2534; x_wconf 83' lang='lat' dir='ltr'><em>proponere:</em></span> <span class='ocrx_word' id='word_1_242' title='bbox 603 2461 758 2530; x_wconf 86' lang='lat' dir='ltr'><em>placamini</em></span> <span class='ocrx_word' id='word_1_243' title='bbox 766 2499 775 2528; x_wconf 88' lang='lat'>,</span> <span class='ocrx_word' id='word_1_244' title='bbox 794 2459 980 2512; x_wconf 84' lang='lat' dir='ltr'><em>conciliamini</em></span> <span class='ocrx_word' id='word_1_245' title='bbox 984 2479 995 2518; x_wconf 84' lang='lat'><em>,·</em></span> <span class='ocrx_word' id='word_1_246' title='bbox 1013 2457 1153 2512; x_wconf 80' lang='lat' dir='ltr'><em>ueletiam</em></span> <span class='ocrx_word' id='word_1_247' title='bbox 1242 2454 1246 2460; x_wconf 71' lang='grc'><strong>“</strong></span> 
     </span>
    </p>
   </div>
   <div class='ocr_carea' id='block_1_6' title="bbox 143 2533 1221 4258">
    <p class='ocr_par' dir='ltr' id='par_1_6' title="bbox 150 2533 841 2606">
     <span class='ocr_line' id='line_1_29' title="bbox 150 2533 841 2606; baseline 0 -20"><span class='ocrx_word' id='word_1_248' title='bbox 150 2533 333 2606; x_wconf 74' lang='lat' dir='ltr'><em>decipimini.)</em></span> <span class='ocrx_word' id='word_1_249' title='bbox 373 2535 425 2587; x_wconf 89' lang='lat' dir='ltr'><em>Sed</em></span> <span class='ocrx_word' id='word_1_250' title='bbox 446 2551 539 2588; x_wconf 88' lang='lat' dir='ltr'><em>verum</em></span> <span class='ocrx_word' id='word_1_251' title='bbox 558 2533 627 2587; x_wconf 83' lang='lat' dir='ltr'><em>vidit</em></span> <span class='ocrx_word' id='word_1_252' title='bbox 647 2539 767 2588; x_wconf 86' lang='lat' dir='ltr'><em>Curtius.</em></span> <span class='ocrx_word' id='word_1_253' title='bbox 788 2535 841 2588; x_wconf 79' lang='lat' dir='ltr'><em>Or.</em></span> 
     </span>
    </p>

    <p class='ocr_par' dir='ltr' id='par_1_7' title="bbox 147 2608 1221 3656">
     <span class='ocr_line' id='line_1_30' title="bbox 210 2608 1151 2679; baseline 0.004 -23"><span class='ocrx_word' id='word_1_254' title='bbox 210 2611 235 2676; x_wconf 78' lang='lat'><em>§.</em></span> <span class='ocrx_word' id='word_1_255' title='bbox 258 2613 301 2664; x_wconf 82' lang='lat'><em>11.</em></span> <span class='ocrx_word' id='word_1_256' title='bbox 323 2627 385 2679; x_wconf 79' lang='lat' dir='ltr'><em>pax</em></span> <span class='ocrx_word' id='word_1_257' title='bbox 404 2617 431 2659; x_wconf 86' lang='lat' dir='ltr'><em>et</em></span> <span class='ocrx_word' id='word_1_258' title='bbox 450 2613 613 2676; x_wconf 83' lang='lat' dir='ltr'><em>composita]</em></span> <span class='ocrx_word' id='word_1_259' title='bbox 636 2609 681 2662; x_wconf 87' lang='lat' dir='ltr'><em>Sic</em></span> <span class='ocrx_word' id='word_1_260' title='bbox 707 2608 798 2664; x_wconf 87' lang='lat' dir='ltr'><em>Vatic.</em></span> <span class='ocrx_word' id='word_1_261' title='bbox 818 2623 873 2660; x_wconf 89' lang='lat' dir='ltr'><em>sec.</em></span> <span class='ocrx_word' id='word_1_262' title='bbox 900 2610 963 2660; x_wconf 86' lang='lat' dir='ltr'><em>Vat.</em></span> <span class='ocrx_word' id='word_1_263' title='bbox 985 2623 1070 2660; x_wconf 85' lang='lat' dir='ltr'><em>meus.</em></span> <span class='ocrx_word' id='word_1_264' title='bbox 1097 2609 1151 2672; x_wconf 89' lang='lat' dir='ltr'><em>(De</em></span> 
     </span>
     <span class='ocr_line' id='line_1_31' title="bbox 151 2680 1151 2755; baseline -0.002 -19"><span class='ocrx_word' id='word_1_265' title='bbox 151 2689 253 2736; x_wconf 84' lang='lat' dir='ltr'><em>ceteris</em></span> <span class='ocrx_word' id='word_1_266' title='bbox 283 2682 380 2749; x_wconf 74' lang='lat' dir='ltr'><em>codd,</em></span> <span class='ocrx_word' id='word_1_267' title='bbox 405 2687 435 2739; x_wconf 90' lang='lat' dir='ltr'><em>in</em></span> <span class='ocrx_word' id='word_1_268' title='bbox 466 2687 564 2755; x_wconf 86' lang='lat' dir='ltr'><em>primis</em></span> <span class='ocrx_word' id='word_1_269' title='bbox 585 2685 672 2738; x_wconf 80' lang='lat' dir='ltr'><em>Vatia.</em></span> <span class='ocrx_word' id='word_1_270' title='bbox 700 2687 807 2755; x_wconf 85' lang='lat' dir='ltr'><em>primo,</em></span> <span class='ocrx_word' id='word_1_271' title='bbox 835 2680 907 2734; x_wconf 88' lang='lat' dir='ltr'><em>haud</em></span> <span class='ocrx_word' id='word_1_272' title='bbox 926 2686 993 2734; x_wconf 84' lang='lat' dir='ltr'><em>satis</em></span> <span class='ocrx_word' id='word_1_273' title='bbox 1018 2688 1151 2748; x_wconf 84' lang='lat' dir='ltr'><em>constat.)</em></span> 
     </span>
     <span class='ocr_line' id='line_1_32' title="bbox 150 2756 1150 2828; baseline -0.004 -15"><span class='ocrx_word' id='word_1_274' title='bbox 150 2757 224 2813; x_wconf 87' lang='lat' dir='ltr'><em>Edd.</em></span> <span class='ocrx_word' id='word_1_275' title='bbox 244 2773 318 2812; x_wconf 84' lang='lat' dir='ltr'><em>meac</em></span> <span class='ocrx_word' id='word_1_276' title='bbox 339 2773 459 2823; x_wconf 74' lang='lat' dir='ltr'><em>veteres,</em></span> <span class='ocrx_word' id='word_1_277' title='bbox 480 2773 544 2809; x_wconf 89' lang='lat' dir='ltr'><em>aute</em></span> <span class='ocrx_word' id='word_1_278' title='bbox 564 2757 692 2810; x_wconf 85' lang='lat' dir='ltr'><em>Aldinam</em></span> <span class='ocrx_word' id='word_1_279' title='bbox 705 2759 815 2812; x_wconf 89' lang='lat' dir='ltr'>MDIX.</span> <span class='ocrx_word' id='word_1_280' title='bbox 836 2759 938 2828; x_wconf 79' lang='lat' dir='ltr'><em>Recepi</em></span> <span class='ocrx_word' id='word_1_281' title='bbox 957 2757 1029 2808; x_wconf 87' lang='lat' dir='ltr'><em>hanc</em></span> <span class='ocrx_word' id='word_1_282' title='bbox 1045 2756 1150 2809; x_wconf 87' lang='lat' dir='ltr'><em>lectio-</em></span> 
     </span>
     <span class='ocr_line' id='line_1_33' title="bbox 149 2829 1149 2906; baseline -0.002 -20"><span class='ocrx_word' id='word_1_283' title='bbox 149 2851 216 2886; x_wconf 88' lang='lat' dir='ltr'><em>nem</em></span> <span class='ocrx_word' id='word_1_284' title='bbox 237 2848 264 2886; x_wconf 85' lang='lat' dir='ltr'><em>et</em></span> <span class='ocrx_word' id='word_1_285' title='bbox 285 2838 347 2904; x_wconf 90' lang='lat' dir='ltr'><em>quia</em></span> <span class='ocrx_word' id='word_1_286' title='bbox 367 2849 416 2906; x_wconf 86' lang='lat' dir='ltr'><em>per</em></span> <span class='ocrx_word' id='word_1_287' title='bbox 435 2851 463 2886; x_wconf 89' lang='lat' dir='ltr'><em>se</em></span> <span class='ocrx_word' id='word_1_288' title='bbox 478 2831 618 2892; x_wconf 82' lang='lat' dir='ltr'><em>difficilior</em></span> <span class='ocrx_word' id='word_1_289' title='bbox 637 2850 695 2900; x_wconf 83' lang='lat' dir='ltr'><em>cst,</em></span> <span class='ocrx_word' id='word_1_290' title='bbox 716 2849 743 2886; x_wconf 91' lang='lat' dir='ltr'><em>et</em></span> <span class='ocrx_word' id='word_1_291' title='bbox 763 2837 827 2904; x_wconf 86' lang='lat' dir='ltr'><em>quia</em></span> <span class='ocrx_word' id='word_1_292' title='bbox 840 2832 966 2886; x_wconf 87' lang='lat' dir='ltr'><em>similiter</em></span> <span class='ocrx_word' id='word_1_293' title='bbox 978 2829 1060 2885; x_wconf 88' lang='lat' dir='ltr'><em>verbo</em></span> <span class='ocrx_word' id='word_1_294' title='bbox 1076 2849 1149 2884; x_wconf 88' lang='lat' dir='ltr'><em>con·-</em></span> 
     </span>
     <span class='ocr_line' id='line_1_34' title="bbox 150 2905 1148 2980; baseline -0.004 -18"><span class='ocrx_word' id='word_1_295' title='bbox 150 2925 278 2978; x_wconf 79' lang='lat' dir='ltr'><em>trovsrso</em></span> <span class='ocrx_word' id='word_1_296' title='bbox 299 2925 362 2960; x_wconf 79' lang='lat' dir='ltr'><em>usus</em></span> <span class='ocrx_word' id='word_1_297' title='bbox 384 2923 424 2960; x_wconf 87' lang='lat' dir='ltr'><em>est</em></span> <span class='ocrx_word' id='word_1_298' title='bbox 445 2905 682 2961; x_wconf 82' lang='lat' dir='ltr'><em>Pseudosaluetius</em></span> <span class='ocrx_word' id='word_1_299' title='bbox 702 2909 752 2980; x_wconf 89' lang='lat' dir='ltr'><em>Ep.</em></span> <span class='ocrx_word' id='word_1_300' title='bbox 773 2907 806 2960; x_wconf 88' lang='lat' dir='ltr'><em>ad</em></span> <span class='ocrx_word' id='word_1_301' title='bbox 828 2907 906 2961; x_wconf 79' lang='lat' dir='ltr'><em>Caes.</em></span> <span class='ocrx_word' id='word_1_302' title='bbox 927 2916 963 2972; x_wconf 86' lang='lat'><em>1,</em></span> <span class='ocrx_word' id='word_1_303' title='bbox 984 2911 1016 2971; x_wconf 84' lang='lat'><em>5,</em></span> <span class='ocrx_word' id='word_1_304' title='bbox 1037 2909 1065 2964; x_wconf 89' lang='grc'><em>6.</em></span> <span class='ocrx_word' id='word_1_305' title='bbox 1085 2925 1148 2958; x_wconf 89' lang='lat' dir='ltr'><em>mo-</em></span> 
     </span>
     <span class='ocr_line' id='line_1_35' title="bbox 149 2981 1148 3055; baseline -0.002 -19"><span class='ocrx_word' id='word_1_306' title='bbox 149 2993 201 3036; x_wconf 84' lang='lat' dir='ltr'><em>vet</em></span> <span class='ocrx_word' id='word_1_307' title='bbox 228 2988 401 3055; x_wconf 85' lang='lat' dir='ltr'><em>composita,·</em></span> <span class='ocrx_word' id='word_1_308' title='bbox 433 2999 550 3054; x_wconf 89' lang='lat' dir='ltr'><em>quocum</em></span> <span class='ocrx_word' id='word_1_309' title='bbox 578 2981 628 3036; x_wconf 83' lang='lat' dir='ltr'><em>cfr.</em></span> <span class='ocrx_word' id='word_1_310' title='bbox 658 2983 741 3037; x_wconf 86' lang='lat' dir='ltr'><em>Catil.</em></span> <span class='ocrx_word' id='word_1_311' title='bbox 771 2988 817 3040; x_wconf 86' lang='lat'><em>21.</em></span> <span class='ocrx_word' id='word_1_312' title='bbox 844 2984 901 3045; x_wconf 84' lang='lat' dir='ltr'><em>illis</em></span> <span class='ocrx_word' id='word_1_313' title='bbox 925 2986 1018 3052; x_wconf 86' lang='lat' dir='ltr'><em>quieta</em></span> <span class='ocrx_word' id='word_1_314' title='bbox 1039 3000 1148 3034; x_wconf 85' lang='lat' dir='ltr'><em>mouere</em></span> 
     </span>
     <span class='ocr_line' id='line_1_36' title="bbox 149 3056 1148 3128; baseline -0.001 -19"><span class='ocrx_word' id='word_1_315' title='bbox 149 3077 257 3128; x_wconf 74' lang='lat' dir='ltr'><em>magna</em></span> <span class='ocrx_word' id='word_1_316' title='bbox 285 3076 390 3110; x_wconf 86' lang='lat' dir='ltr'><em>merces</em></span> <span class='ocrx_word' id='word_1_317' title='bbox 420 3057 577 3112; x_wconf 82' lang='lat' dir='ltr'><em>videbatur.</em></span> <span class='ocrx_word' id='word_1_318' title='bbox 607 3087 644 3100; x_wconf 88' lang='lat'><em>--</em></span> <span class='ocrx_word' id='word_1_319' title='bbox 677 3057 827 3111; x_wconf 86' lang='lat' dir='ltr'><em>concordia</em></span> <span class='ocrx_word' id='word_1_320' title='bbox 864 3056 972 3110; x_wconf 82' lang='lat' dir='ltr'><em>Aldina.</em></span> <span class='ocrx_word' id='word_1_321' title='bbox 1002 3057 1083 3127; x_wconf 87' lang='lat' dir='ltr'><em>Seqq.</em></span> <span class='ocrx_word' id='word_1_322' title='bbox 1112 3085 1148 3098; x_wconf 90' lang='lat'><em>-</em></span> 
     </span>
     <span class='ocr_line' id='line_1_37' title="bbox 150 3130 1145 3204; baseline -0.002 -20"><span class='ocrx_word' id='word_1_323' title='bbox 150 3133 191 3184; x_wconf 87' lang='lat' dir='ltr'><em>ad</em></span> <span class='ocrx_word' id='word_1_324' title='bbox 208 3151 266 3184; x_wconf 88' lang='lat' dir='ltr'><em>rem</em></span> <span class='ocrx_word' id='word_1_325' title='bbox 282 3133 422 3204; x_wconf 81' lang='lat' dir='ltr'><em>ptrhlicatn</em></span> <span class='ocrx_word' id='word_1_326' title='bbox 440 3142 549 3184; x_wconf 89' lang='lat' dir='ltr'><em>suamet</em></span> <span class='ocrx_word' id='word_1_327' title='bbox 567 3139 715 3202; x_wconf 81' lang='lat' dir='ltr'><em>sanguinis</em></span> <span class='ocrx_word' id='word_1_328' title='bbox 727 3134 850 3186; x_wconf 85' lang='lat' dir='ltr'><em>mercede</em></span> <span class='ocrx_word' id='word_1_329' title='bbox 863 3130 1145 3200; x_wconf 74' lang='lat' dir='ltr'><em>circumveniendam]</em></span> 
     </span>
     <span class='ocr_line' id='line_1_38' title="bbox 150 3205 1148 3281; baseline -0.003 -21"><span class='ocrx_word' id='word_1_330' title='bbox 150 3205 290 3260; x_wconf 78' lang='lat' dir='ltr'><em>Audacius</em></span> <span class='ocrx_word' id='word_1_331' title='bbox 315 3208 368 3261; x_wconf 89' lang='lat' dir='ltr'><em>hoc</em></span> <span class='ocrx_word' id='word_1_332' title='bbox 392 3212 483 3281; x_wconf 88' lang='lat' dir='ltr'><em>primo</em></span> <span class='ocrx_word' id='word_1_333' title='bbox 511 3207 641 3280; x_wconf 85' lang='lat' dir='ltr'><em>adspectu</em></span> <span class='ocrx_word' id='word_1_334' title='bbox 667 3209 774 3262; x_wconf 89' lang='lat' dir='ltr'><em>videtur</em></span> <span class='ocrx_word' id='word_1_335' title='bbox 801 3208 940 3261; x_wconf 87' lang='lat' dir='ltr'><em>tralatum.</em></span> <span class='ocrx_word' id='word_1_336' title='bbox 978 3209 1025 3260; x_wconf 89' lang='lat' dir='ltr'><em>Sic</em></span> <span class='ocrx_word' id='word_1_337' title='bbox 1052 3222 1148 3260; x_wconf 88' lang='lat' dir='ltr'><em>tamen</em></span> 
     </span>
     <span class='ocr_line' id='line_1_39' title="bbox 151 3280 1147 3354; baseline 0.002 -21"><span class='ocrx_word' id='word_1_338' title='bbox 151 3280 287 3335; x_wconf 86' lang='lat' dir='ltr'><em>edendum</em></span> <span class='ocrx_word' id='word_1_339' title='bbox 306 3281 369 3348; x_wconf 81' lang='lat' dir='ltr'><em>fuit,</em></span> <span class='ocrx_word' id='word_1_340' title='bbox 388 3301 472 3354; x_wconf 89' lang='lat' dir='ltr'><em>quum</em></span> <span class='ocrx_word' id='word_1_341' title='bbox 487 3287 525 3336; x_wconf 88' lang='lat' dir='ltr'><em>ita</em></span> <span class='ocrx_word' id='word_1_342' title='bbox 547 3283 645 3337; x_wconf 84' lang='lat' dir='ltr'><em>habeat</em></span> <span class='ocrx_word' id='word_1_343' title='bbox 665 3285 825 3338; x_wconf 70' lang='lat' dir='ltr'><em>Venetiam</em></span> <span class='ocrx_word' id='word_1_344' title='bbox 844 3300 919 3336; x_wconf 86' lang='lat' dir='ltr'><em>meus</em></span> <span class='ocrx_word' id='word_1_345' title='bbox 935 3291 1014 3352; x_wconf 86' lang='lat' dir='ltr'><em>atque</em></span> <span class='ocrx_word' id='word_1_346' title='bbox 1028 3299 1043 3334; x_wconf 91' lang='lat' dir='ltr'><em>e</em></span> <span class='ocrx_word' id='word_1_347' title='bbox 1057 3282 1147 3335; x_wconf 85' lang='lat' dir='ltr'><em>Vatic.</em></span> 
     </span>
     <span class='ocr_line' id='line_1_40' title="bbox 149 3357 1145 3430; baseline 0.002 -24"><span class='ocrx_word' id='word_1_348' title='bbox 149 3375 193 3430; x_wconf 92' lang='lat' dir='ltr'><em>pr.</em></span> <span class='ocrx_word' id='word_1_349' title='bbox 208 3371 234 3408; x_wconf 88' lang='lat' dir='ltr'><em>et</em></span> <span class='ocrx_word' id='word_1_350' title='bbox 247 3373 304 3410; x_wconf 84' lang='lat' dir='ltr'><em>sec.</em></span> <span class='ocrx_word' id='word_1_351' title='bbox 317 3357 444 3411; x_wconf 83' lang='lat' dir='ltr'><em>afferatur</em></span> <span class='ocrx_word' id='word_1_352' title='bbox 459 3357 557 3413; x_wconf 88' lang='lat' dir='ltr'><em>saltem</em></span> <span class='ocrx_word' id='word_1_353' title='bbox 570 3377 628 3409; x_wconf 87' lang='lat' dir='ltr'><em>rem</em></span> <span class='ocrx_word' id='word_1_354' title='bbox 641 3360 796 3430; x_wconf 67' lang='lat' dir='ltr'><em>perdicam,</em></span> <span class='ocrx_word' id='word_1_355' title='bbox 808 3357 917 3430; x_wconf 84' lang='lat' dir='ltr'><em>vulgata</em></span> <span class='ocrx_word' id='word_1_356' title='bbox 933 3357 1076 3409; x_wconf 84' lang='lat' dir='ltr'><em>autemad</em></span> <span class='ocrx_word' id='word_1_357' title='bbox 1089 3375 1145 3426; x_wconf 82' lang='lat' dir='ltr'><em>pa-</em></span> 
     </span>
     <span class='ocr_line' id='line_1_41' title="bbox 147 3431 1221 3503; baseline 0.002 -23"><span class='ocrx_word' id='word_1_358' title='bbox 147 3431 243 3503; x_wconf 75' lang='lat' dir='ltr'><em>pulum</em></span> <span class='ocrx_word' id='word_1_359' title='bbox 267 3431 419 3486; x_wconf 74' lang='lat' dir='ltr'><em>lismensem</em></span> <span class='ocrx_word' id='word_1_360' title='bbox 438 3465 457 3476; x_wconf 89' lang='lat'><em>··</em></span> <span class='ocrx_word' id='word_1_361' title='bbox 474 3464 493 3476; x_wconf 92' lang='lat'><em>-</em></span> <span class='ocrx_word' id='word_1_362' title='bbox 519 3434 788 3485; x_wconf 69' lang='lat' dir='ltr'><em>circumveniendum</em></span> <span class='ocrx_word' id='word_1_363' title='bbox 803 3435 919 3486; x_wconf 79' lang='lat' dir='ltr'><em>nonnisi</em></span> <span class='ocrx_word' id='word_1_364' title='bbox 940 3449 954 3484; x_wconf 98' lang='lat' dir='ltr'><em>e</em></span> <span class='ocrx_word' id='word_1_365' title='bbox 973 3436 1145 3484; x_wconf 81' lang='lat' dir='ltr'><em>correctione</em></span> <span class='ocrx_word' id='word_1_366' title='bbox 1219 3443 1221 3452; x_wconf 90' lang='grc'><strong><em>·</em></strong></span> 
     </span>
     <span class='ocr_line' id='line_1_42' title="bbox 150 3507 1146 3580; baseline -0.003 -21"><span class='ocrx_word' id='word_1_367' title='bbox 150 3508 323 3578; x_wconf 84' lang='lat' dir='ltr'><em>corruptelae</em></span> <span class='ocrx_word' id='word_1_368' title='bbox 354 3507 469 3560; x_wconf 81' lang='lat' dir='ltr'><em>Aldinae</em></span> <span class='ocrx_word' id='word_1_369' title='bbox 497 3507 538 3559; x_wconf 90' lang='lat' dir='ltr'><em>ad</em></span> <span class='ocrx_word' id='word_1_370' title='bbox 562 3508 713 3560; x_wconf 86' lang='lat' dir='ltr'><em>Romanum</em></span> <span class='ocrx_word' id='word_1_371' title='bbox 729 3509 861 3580; x_wconf 78' lang='lat' dir='ltr'><em>populum</em></span> <span class='ocrx_word' id='word_1_372' title='bbox 878 3510 980 3559; x_wconf 82' lang='lat' dir='ltr'><em>suimet</em></span> <span class='ocrx_word' id='word_1_373' title='bbox 997 3510 1146 3578; x_wconf 77' lang='lat' dir='ltr'><em>sanguinis</em></span> 
     </span>
     <span class='ocr_line' id='line_1_43' title="bbox 148 3582 1000 3656; baseline 0.005 -23"><span class='ocrx_word' id='word_1_374' title='bbox 148 3582 301 3634; x_wconf 85' lang='lat' dir='ltr'><em>mercedem</em></span> <span class='ocrx_word' id='word_1_375' title='bbox 320 3583 587 3635; x_wconf 82' lang='lat' dir='ltr'><em>circumveniendam</em></span> <span class='ocrx_word' id='word_1_376' title='bbox 607 3583 673 3656; x_wconf 82' lang='lat' dir='ltr'><em>(sic)</em></span> <span class='ocrx_word' id='word_1_377' title='bbox 694 3600 754 3637; x_wconf 90' lang='lat' dir='ltr'><em>orta</em></span> <span class='ocrx_word' id='word_1_378' title='bbox 775 3589 820 3636; x_wconf 84' lang='lat' dir='ltr'><em>cit.</em></span> <span class='ocrx_word' id='word_1_379' title='bbox 998 3642 1000 3652; x_wconf 27' lang='lat' dir='ltr'>y</span> 
     </span>
    </p>

    <p class='ocr_par' dir='ltr' id='par_1_8' title="bbox 143 3656 1160 4258">
     <span class='ocr_line' id='line_1_44' title="bbox 206 3656 1143 3731; baseline -0.005 -21"><span class='ocrx_word' id='word_1_380' title='bbox 206 3659 229 3723; x_wconf 80' lang='lat'><em>§.</em></span> <span class='ocrx_word' id='word_1_381' title='bbox 252 3663 295 3714; x_wconf 71' lang='lat'><em>12.</em></span> <span class='ocrx_word' id='word_1_382' title='bbox 325 3674 389 3726; x_wconf 81' lang='lat' dir='ltr'><em>opes</em></span> <span class='ocrx_word' id='word_1_383' title='bbox 406 3656 525 3728; x_wconf 89' lang='lat' dir='ltr'><em>facere]</em></span> <span class='ocrx_word' id='word_1_384' title='bbox 552 3659 655 3712; x_wconf 85' lang='lat' dir='ltr'><em>Seneca</em></span> <span class='ocrx_word' id='word_1_385' title='bbox 681 3661 732 3731; x_wconf 87' lang='lat' dir='ltr'><em>Ep.</em></span> <span class='ocrx_word' id='word_1_386' title='bbox 754 3657 816 3716; x_wconf 73' lang='grc'><em>114.</em></span> <span class='ocrx_word' id='word_1_387' title='bbox 854 3657 999 3723; x_wconf 61' lang='lat' dir='ltr'><em>“salustio</em></span> <span class='ocrx_word' id='word_1_388' title='bbox 1019 3661 1143 3728; x_wconf 82' lang='lat' dir='ltr'><em>vigente,</em></span> 
     </span>
     <span class='ocr_line' id='line_1_45' title="bbox 150 3725 1144 3804; baseline -0.005 -20"><span class='ocrx_word' id='word_1_389' title='bbox 150 3747 307 3804; x_wconf 78' lang='lat' dir='ltr'><em>amputatae</em></span> <span class='ocrx_word' id='word_1_390' title='bbox 336 3737 488 3785; x_wconf 84' lang='lat' dir='ltr'><em>sentcntiae</em></span> <span class='ocrx_word' id='word_1_391' title='bbox 517 3748 544 3786; x_wconf 93' lang='lat' dir='ltr'><em>et</em></span> <span class='ocrx_word' id='word_1_392' title='bbox 573 3725 744 3787; x_wconf 62' lang='lat' dir='ltr'><em>verba&#39;ante</em></span> <span class='ocrx_word' id='word_1_393' title='bbox 766 3748 953 3804; x_wconf 80' lang='lat' dir='ltr'><em>exspectatum</em></span> <span class='ocrx_word' id='word_1_394' title='bbox 972 3730 1097 3786; x_wconf 83' lang='lat' dir='ltr'><em>cadentia</em></span> <span class='ocrx_word' id='word_1_395' title='bbox 1116 3743 1144 3780; x_wconf 89' lang='lat' dir='ltr'><em>et</em></span> 
     </span>
     <span class='ocr_line' id='line_1_46' title="bbox 149 3803 1144 3880; baseline -0.005 -22"><span class='ocrx_word' id='word_1_396' title='bbox 149 3804 268 3860; x_wconf 83' lang='lat' dir='ltr'><em>obseura</em></span> <span class='ocrx_word' id='word_1_397' title='bbox 286 3806 405 3860; x_wconf 82' lang='lat' dir='ltr'><em>brevitas</em></span> <span class='ocrx_word' id='word_1_398' title='bbox 425 3805 499 3860; x_wconf 83' lang='lat' dir='ltr'><em>fuere</em></span> <span class='ocrx_word' id='word_1_399' title='bbox 518 3824 568 3880; x_wconf 93' lang='lat' dir='ltr'><em>pro</em></span> <span class='ocrx_word' id='word_1_400' title='bbox 582 3809 668 3862; x_wconf 88' lang='lat' dir='ltr'><em>cultu.</em></span> <span class='ocrx_word' id='word_1_401' title='bbox 707 3812 870 3873; x_wconf 79' lang='lat' dir='ltr'><em>Arruntius,</em></span> <span class='ocrx_word' id='word_1_402' title='bbox 890 3813 932 3860; x_wconf 84' lang='lat' dir='ltr'><em>vir</em></span> <span class='ocrx_word' id='word_1_403' title='bbox 949 3823 1031 3860; x_wconf 83' lang='lat' dir='ltr'><em>rarae</em></span> <span class='ocrx_word' id='word_1_404' title='bbox 1046 3803 1144 3875; x_wconf 79' lang='lat' dir='ltr'><em>fruga-</em></span> 
     </span>
     <span class='ocr_line' id='line_1_47' title="bbox 147 3881 1143 3955; baseline -0.001 -23"><span class='ocrx_word' id='word_1_405' title='bbox 147 3881 252 3946; x_wconf 77' lang='lat' dir='ltr'><em>litatis,</em></span> <span class='ocrx_word' id='word_1_406' title='bbox 271 3886 317 3953; x_wconf 88' lang='lat' dir='ltr'><em>qui</em></span> <span class='ocrx_word' id='word_1_407' title='bbox 337 3883 483 3934; x_wconf 85' lang='lat' dir='ltr'><em>Historias</em></span> <span class='ocrx_word' id='word_1_408' title='bbox 501 3883 565 3933; x_wconf 84' lang='lat' dir='ltr'><em>belli</em></span> <span class='ocrx_word' id='word_1_409' title='bbox 586 3884 684 3938; x_wconf 85' lang='lat' dir='ltr'><em>Punici</em></span> <span class='ocrx_word' id='word_1_410' title='bbox 703 3887 830 3955; x_wconf 74' lang='lat' dir='ltr'><em>scripsit,</em></span> <span class='ocrx_word' id='word_1_411' title='bbox 851 3881 904 3936; x_wconf 82' lang='lat' dir='ltr'><em>luit</em></span> <span class='ocrx_word' id='word_1_412' title='bbox 925 3882 1094 3935; x_wconf 83' lang='lat' dir='ltr'><em>Salustianus</em></span> <span class='ocrx_word' id='word_1_413' title='bbox 1114 3893 1143 3931; x_wconf 90' lang='grc' dir='ltr'><em>ιι</em></span> 
     </span>
     <span class='ocr_line' id='line_1_48' title="bbox 150 3943 1160 4031; baseline -0.002 -25"><span class='ocrx_word' id='word_1_414' title='bbox 150 3960 179 4006; x_wconf 88' lang='lat' dir='ltr'><em>in</em></span> <span class='ocrx_word' id='word_1_415' title='bbox 198 3954 265 4009; x_wconf 92' lang='lat' dir='ltr'><em>illud</em></span> <span class='ocrx_word' id='word_1_416' title='bbox 285 3974 368 4029; x_wconf 77' lang='lat' dir='ltr'><em>genus</em></span> <span class='ocrx_word' id='word_1_417' title='bbox 387 3962 488 4010; x_wconf 85' lang='lat' dir='ltr'><em>nitens.</em></span> <span class='ocrx_word' id='word_1_418' title='bbox 508 3957 556 4010; x_wconf 84' lang='lat' dir='ltr'><em>Est</em></span> <span class='ocrx_word' id='word_1_419' title='bbox 577 3957 648 4031; x_wconf 89' lang='lat' dir='ltr'><em>apud</em></span> <span class='ocrx_word' id='word_1_420' title='bbox 669 3960 832 4013; x_wconf 87' lang='lat' dir='ltr'><em>Salustium:</em></span> <span class='ocrx_word' id='word_1_421' title='bbox 852 3962 1003 4010; x_wconf 75' lang='lat' dir='ltr'><em>exercitum</em></span> <span class='ocrx_word' id='word_1_422' title='bbox 1021 3943 1160 4022; x_wconf 48' lang='lat' dir='ltr'><em>argento*</em></span> 
     </span>
     <span class='ocr_line' id='line_1_49' title="bbox 143 4027 1143 4105; baseline 0.007 -24"><span class='ocrx_word' id='word_1_423' title='bbox 143 4027 237 4098; x_wconf 87' lang='lat' dir='ltr'><em>fecit,</em></span> <span class='ocrx_word' id='word_1_424' title='bbox 256 4033 283 4084; x_wconf 88' lang='lat' dir='ltr'><em>id</em></span> <span class='ocrx_word' id='word_1_425' title='bbox 305 4049 361 4099; x_wconf 85' lang='lat' dir='ltr'><em>est,</em></span> <span class='ocrx_word' id='word_1_426' title='bbox 390 4035 506 4105; x_wconf 86' lang='lat' dir='ltr'><em>pecunia</em></span> <span class='ocrx_word' id='word_1_427' title='bbox 525 4038 640 4104; x_wconf 86' lang='lat' dir='ltr'><em>paravit.</em></span> <span class='ocrx_word' id='word_1_428' title='bbox 678 4037 738 4087; x_wconf 86' lang='lat' dir='ltr'><em>Hoc</em></span> <span class='ocrx_word' id='word_1_429' title='bbox 757 4036 903 4087; x_wconf 79' lang='lat' dir='ltr'><em>Arruntius</em></span> <span class='ocrx_word' id='word_1_430' title='bbox 922 4046 1013 4082; x_wconf 82' lang='lat' dir='ltr'><em>amare</em></span> <span class='ocrx_word' id='word_1_431' title='bbox 1033 4033 1143 4101; x_wconf 73' lang='lat' dir='ltr'><em>coepiti</em></span> 
     </span>
     <span class='ocr_line' id='line_1_50' title="bbox 152 4101 1143 4181; baseline 0 -27"><span class='ocrx_word' id='word_1_432' title='bbox 152 4109 241 4173; x_wconf 85' lang='lat' dir='ltr'><em>posuit</em></span> <span class='ocrx_word' id='word_1_433' title='bbox 267 4105 335 4159; x_wconf 87' lang='lat' dir='ltr'><em>illud</em></span> <span class='ocrx_word' id='word_1_434' title='bbox 363 4105 492 4160; x_wconf 89' lang='lat' dir='ltr'><em>omnibus</em></span> <span class='ocrx_word' id='word_1_435' title='bbox 521 4112 638 4179; x_wconf 80' lang='lat' dir='ltr'><em>paginis.</em></span> <span class='ocrx_word' id='word_1_436' title='bbox 687 4109 764 4162; x_wconf 87' lang='lat' dir='ltr'><em>Dicit</em></span> <span class='ocrx_word' id='word_1_437' title='bbox 784 4107 900 4181; x_wconf 88' lang='lat' dir='ltr'><em>quodam</em></span> <span class='ocrx_word' id='word_1_438' title='bbox 919 4106 1004 4162; x_wconf 85' lang='lat' dir='ltr'><em>loco:</em></span> <span class='ocrx_word' id='word_1_439' title='bbox 1031 4101 1143 4174; x_wconf 77' lang='lat' dir='ltr'><em>frigam</em></span> 
     </span>
     <span class='ocr_line' id='line_1_51' title="bbox 151 4177 1143 4258; baseline -0.001 -27"><span class='ocrx_word' id='word_1_440' title='bbox 151 4185 255 4234; x_wconf 88' lang='lat' dir='ltr'><em>nastris</em></span> <span class='ocrx_word' id='word_1_441' title='bbox 266 4179 377 4253; x_wconf 78' lang='lat' dir='ltr'><em>ficere.</em></span> <span class='ocrx_word' id='word_1_442' title='bbox 415 4181 478 4242; x_wconf 80' lang='lat' dir='ltr'><em>alto</em></span> <span class='ocrx_word' id='word_1_443' title='bbox 497 4181 577 4240; x_wconf 74' lang='lat' dir='ltr'><em>lacot</em></span> <span class='ocrx_word' id='word_1_444' title='bbox 602 4183 706 4257; x_wconf 78' lang='lat' dir='ltr'><em>Hiero,</em></span> <span class='ocrx_word' id='word_1_445' title='bbox 726 4201 778 4238; x_wconf 78' lang='lat' dir='ltr'><em>rea</em></span> <span class='ocrx_word' id='word_1_446' title='bbox 797 4185 1060 4258; x_wconf 68' lang='lat' dir='ltr'><em>Syracusanorum,</em></span> <span class='ocrx_word' id='word_1_447' title='bbox 1080 4177 1143 4230; x_wconf 76' lang='lat' dir='ltr'><em>isl-</em></span> 
     </span>
    </p>
   </div>
   <div class='ocr_carea' id='block_1_7' title="bbox 0 0 1428 4928">
    <p class='ocr_par' dir='ltr' id='par_1_9' title="bbox 0 0 1428 4928">
     <span class='ocr_line' id='line_1_52' title="bbox 0 0 1428 4928; baseline 0 0"><span class='ocrx_word' id='word_1_448' title='bbox 0 0 1428 4928; x_wconf 95' lang='lat' dir='ltr'><em> </em></span> 
     </span>
    </p>
   </div>
  </div>
 </body>
</html>
