2848 4928
279 421 321 485 50

334 561 358 628 ᾗ.
379 565 405 616 1.
425 558 489 612 Tibi
506 589 525 602 -
544 587 563 600 -
582 591 599 602 -
618 559 799 629 oppresseris]
830 555 932 611 Probat
959 561 988 616 in
1015 558 1194 630 sequentibus
1225 560 1276 616 has

279 650 334 689 tres
353 633 531 689 condiciones
550 633 640 687 nullas
653 649 726 686 esse:
748 633 873 698 scilicet,
892 651 980 704 neque
1000 649 1095 708 pacem
1116 634 1278 690 habiturum

278 727 305 763 et
325 713 416 764 hostes
448 725 616 782 opportunos
643 723 724 778 arque
756 707 967 763 scelestissimos
995 727 1068 776 esse,
1100 724 1126 762 et
1146 727 1277 784 magnam

277 787 396 858 gloriam
415 799 583 852 secuturam,
602 788 626 836 si
647 785 785 836 Romanos
806 790 982 857 oppresserit.
1021 785 1149 838 Cosmus.

264 883 268 898 ·
333 863 356 928 ς.
376 869 405 917 2.
428 859 565 914 Plutarch.
585 862 614 911 rr
634 847 748 912 tronto·
768 864 814 916 ss.
859 857 914 917 καὶ
932 855 988 933 τὴν
1005 858 1146 937 Πάρθων
1167 870 1202 918 n
1220 860 1277 939 ρά-

276 955 333 1006 νης
352 935 392 999 ὡς
412 931 502 997 ἄλλος
521 929 618 996 οὐδεὶς
635 929 767 1010 δύναμιν
785 933 992 995 ἐταπείνωσεν.
1014 934 1135 985 -dum
1155 955 1175 986 a
1220 956 1277 988 ar-

277 1009 498 1080 thaginiensibas
524 1011 592 1075 cet.]
618 1009 738 1074 Nullus,
767 1024 900 1079 quantum
929 1006 1056 1080 equidem
1084 1014 1157 1080 scio,
1184 1029 1279 1066 rerum

277 1091 417 1159 scriptor,
445 1085 614 1136 Antiochum
644 1087 699 1135 iam
719 1083 785 1136 belli
804 1086 903 1137 Punici
930 1100 1054 1156 tempore
1073 1087 1167 1137 Asiam
1187 1101 1278 1140 occu-

276 1177 355 1235 passe
377 1158 469 1214 tradit.
511 1159 562 1212 Sed
583 1159 637 1211 hoc
656 1164 744 1213 serius
770 1157 874 1212 lactum
894 1163 972 1213 testis
992 1174 1033 1212 est
1052 1160 1111 1212 Liv.
1126 1164 1171 1220 33.
1185 1177 1208 1213 c.
1230 1166 1278 1221 58.

276 1242 322 1298 59.
342 1237 390 1292 il.
439 1236 529 1286 Immo
558 1249 639 1287 autea
668 1234 734 1286 talia
762 1254 796 1289 ne
816 1240 911 1288 conari
931 1236 1042 1307 quidem
1061 1241 1153 1306 potuit
1172 1241 1279 1288 Antio-

276 1312 365 1375 chus,
385 1327 470 1382 quum
490 1324 516 1362 et
537 1313 566 1362 in
585 1310 694 1363 Parthis
707 1308 875 1363 debellandis
896 1326 922 1362 et
943 1315 972 1362 iu
991 1307 1150 1381 Coelesyria
1169 1322 1195 1363 at
1217 1314 1280 1365 Pa-

275 1386 392 1438 laestina
418 1383 578 1456 occupanda
603 1399 751 1456 occupatus
780 1384 873 1440 fuerit.
894 1386 1037 1440 Gnecscu.
1056 1413 1094 1427 ·-
1128 1385 1167 1440 X.
1197 1388 1279 1439 reili-

276 1461 327 1513 tres
346 1462 526 1526 talentorum]
547 1459 701 1532 quindecim
726 1460 804 1514 milis
829 1459 933 1513 habeut
952 1461 1012 1514 Liv.
1031 1463 1082 1525 57,
1102 1457 1148 1518 45.
1168 1476 1196 1514 et
1214 1463 1279 1536 Ap-

276 1541 355 1610 pian.
377 1537 437 1610 Syr.
458 1543 520 1602 38„
548 1539 594 1606 qui
614 1537 667 1586 hae
686 1534 719 1587 de
739 1553 768 1588 re
795 1550 853 1590 tam
882 1535 1028 1608 diligenter
1057 1551 1216 1608 exponunt,
1245 1553 1278 1592 ut

276 1610 399 1665 dubitari
424 1629 482 1664 nou
508 1615 612 1684 possit,
644 1615 711 1679 quin
739 1616 793 1665 ista
819 1620 926 1664 summa
952 1613 1117 1665 allemanie
1138 1611 1283 1688 postulata¹

275 1685 369 1741 fuerit.
408 1685 474 1753 Sed,
508 1703 593 1756 quum
613 1687 766 1742 Antiochus
786 1704 842 1740 non
862 1687 996 1740 tributum
1016 1691 1155 1758 integrum
1174 1687 1280 1741 solvis-

276 1779 318 1817 set
337 1765 409 1831 (Liv.
428 1763 479 1828 42,
505 1760 560 1834 6.),
597 1761 733 1816 Salustius
753 1763 842 1816 solum
862 1761 935 1832 quod
954 1766 1084 1815 amiserat
1102 1778 1281 1816 commemo-

275 1855 350 1891 rasse
379 1835 496 1890 videtur.
542 1836 614 1890 Nam
633 1854 779 1891 numerum
807 1855 899 1890 errore
918 1836 1094 1891 librariorum
1115 1853 1281 1910 corruptum

276 1930 335 1966 csse
355 1916 400 1965 vix
419 1909 529 1979 credas,
557 1927 643 1981 quum
661 1916 746 1964 etiam
766 1911 837 1986 apud
855 1915 1021 1984 Eutropium
1040 1915 1073 1982 4,
1090 1919 1118 1969 2.
1137 1912 1209 1966 idem
1229 1921 1279 1968 sit.

276 1989 420 2042 Genucii.
1158 1992 1160 1998 '

332 2063 357 2130 ᾗ.
377 2066 404 2121 5.
431 2059 507 2130 apud
533 2058 733 2112 Samothracas
760 2059 840 2134 deos]
865 2060 1028 2118 Mantineae
1052 2065 1085 2120 ἐν
1109 2063 1148 2134 τῆ
1169 2075 1280 2142 Σαμο-

275 2135 388 2220 θράκῃ
408 2135 471 2198 τοῖς
489 2133 662 2214 Καβείροις·
681 2167 700 2178 -
721 2169 740 2179 -
758 2135 903 2215 τέσσαρες
921 2133 950 2193 δ’
977 2133 1035 2194 εἰσὶ
1053 2133 1109 2195 τὸν
1128 2137 1278 2232 ἀριθμόν·

271 2207 417 2289 Ἀξίερος,
443 2207 632 2287 Ἀξιόνερσα,
656 2207 848 2290 Ἀξιόκερσος
891 2208 1018 2286 Ἀξίερος
1041 2215 1099 2290 μὲν
1118 2207 1174 2271 οὖν
1193 2234 1278 2271 εστιν

274 2284 296 2360 ὴ
322 2282 480 2363 Δημήτηρ·
504 2283 676 2363 ’Λξιόκερσα
695 2283 727 2344 δὲ
750 2290 771 2360 ἡ
789 2285 981 2360 Περσεφόνη·
1007 2282 1192 2365 Ἀξιόνερσος
1210 2283 1241 2346 δὲ
1261 2287 1280 2344 ὁ

276 2357 361 2432 ᾅδης·
389 2362 405 2416 ὁ
438 2357 470 2416 δὲ
500 2360 651 2436 προστα9έ
674 2380 740 2423 ενος
773 2359 917 2438 τέταρτος
942 2359 1099 2436 Κάυμιλος
1127 2364 1281 2439 ὁἜρμὴς

275 2435 366 2492 ἔστιν.
405 2381 857 2505 Schol.udApolidn.Rhod.1,
885 2438 951 2493 917.
980 2454 1008 2506 p-
1036 2438 1082 2494 46·
1120 2438 1280 2494 Wellauer.

275 2535 313 2553 -
343 2513 489 2560 insomniis
514 2507 650 2578 occidere]
683 2508 822 2562 Diodorus
853 2515 882 2561 in
908 2512 1051 2582 Excerptis
1082 2511 1145 2564 Lib.
1171 2520 1223 2578 51,
1251 2517 1278 2566 2.

276 2585 338 2639 Vol.
359 2587 386 2643 Is.
406 2604 434 2657 p.
456 2588 502 2646 55.
551 2583 681 2640 Diudorl.
699 2590 768 2638 min.
787 2589 905 2638 narratis
925 2589 976 2652 iis,
1002 2589 1203 2656 quaePerscus
1223 2587 1278 2641 Al-

276 2659 327 2712 hae
347 2665 376 2713 in
397 2665 557 2714 tristissimo
577 2676 686 2715 carcere
706 2675 811 2734 septem
831 2679 879 2733 per
899 2659 956 2712 dies
976 2678 1118 2734 perpessus
1138 2679 1211 2728 erat,
1237 2668 1276 2714 ita

276 2741 381 2808 pergis:
412 2732 514 2794 ἔπειτα
540 2739 581 2798 εἰς
609 2735 829 2814 ἐπιεικεστέραν
853 2732 956 2799 δοθεὶς
987 2737 1128 2810 φυλακήν
1147 2739 1278 2804 (liberam

276 2811 431 2863 crocodiam
451 2808 519 2863 dicit
544 2809 664 2864 Velleius
685 2819 718 2877 1,
739 2811 796 2885 11.)
815 2806 870 2868 καὶ
888 2808 990 2874 κεναῖς
1009 2810 1105 2867 ἐλπίσι
1121 2811 1276 2887 προσανέ-

271 2905 356 2962 χων,
384 2883 493 2956 ὁμοίαν
519 2883 582 2949 τοῖς
607 2884 869 2963 προητυχηριίνοις
889 2880 958 2961 ἔσχε
976 2889 1031 2943 τοῦ
1049 2884 1120 2964 βίου
1139 2883 1195 2960 τὴν
1213 2907 1278 2943 κα-

278 2956 467 3038 ταστρορήν·
495 2955 576 3030 διετῆ
599 2963 660 3037 γὰρ
683 2960 801 3037 χρόνον
827 2958 1044 3035 φιλοψυχήσας
1067 2957 1122 3016 καὶ
1139 2967 1277 3036 προσκό-

277 3045 346 3112 ψας
370 3032 434 3096 τοῖς
464 3029 653 3108 φυλάττουσι
683 3037 879 3110 βαρβάροις,
904 3033 1098 3111 κωλυόμενος
1124 3035 1175 3091 im'
1197 3035 1275 3092 ἐκεί-

278 3127 340 3166 νων
368 3103 465 3166 daron
490 3106 589 3181 τυχεῖν
620 3105 814 3178 ἐτελεύτησεν.
871 3108 980 3162 Similia
1003 3107 1088 3163 refert
1112 3109 1277 3164 Plutarchus

279 3188 310 3235 in
328 3183 447 3238 Aemilio
467 3183 553 3236 Paulo
573 3183 604 3236 C.
623 3185 670 3241 57.
688 3209 726 3224 -
756 3181 916 3251 Eumenem]
944 3183 1025 3238 huius
1054 3187 1176 3238 nominis
1202 3184 1277 3238 alte-

278 3274 357 3323 rum,
386 3260 511 3332 Pergami
538 3275 646 3331 regem,
677 3255 818 3312 mortuum
846 3274 871 3314 a.
893 3277 920 3312 u.
940 3274 966 3312 c.
986 3261 1050 3317 596.
1071 3287 1109 3300 -
1125 3259 1275 3331 prodidere
1349 3257 1354 3266 '

278 3332 431 3404 Antiocho]
452 3335 512 3387 Hoc
537 3351 570 3386 co
598 3331 782 3402 referendum,
807 3332 880 3408 quod
898 3333 1052 3387 Antiochus
1073 3334 1178 3407 aliquot
1197 3340 1277 3408 regni

279 3410 440 3479 Pergameni
460 3408 561 3481 oppida
582 3425 610 3463 et
635 3408 748 3463 castella
767 3414 933 3484 oppugnavit
952 3407 1024 3480 (Liv.
1044 3412 1104 3477 52„
1124 3416 1178 3479 8.);
1207 3426 1275 3481 (pras

280 3487 392 3554 quidem
411 3489 525 3538 iniurias
552 3501 610 3538 tum
637 3489 787 3557 temporis,
816 3485 889 3538 bello
915 3481 1101 3540 Macedonico
1126 3485 1274 3559 impliciti,

280 3555 425 3612 defendere
449 3565 507 3612 ansi
534 3577 592 3612 non
622 3574 695 3614 sunt.
721 3560 864 3614 Gsuusca.
896 3582 933 3597 -
965 3558 1090 3612 habitum
1117 3559 1274 3627 custodiae]

280 3632 443 3705 Significat,
463 3635 600 3689 Romanos
620 3639 713 3689 Asiam
733 3637 774 3688 cis
799 3635 920 3688 Taurum
939 3633 1056 3688 Eumeni
1075 3652 1133 3688 nou
1152 3635 1276 3690 benevo-

280 3708 365 3762 lentia
384 3713 568 3782 concessisse,
587 3707 683 3763 sedus
703 3711 752 3764 has
773 3724 859 3764 terras
880 3707 914 3762 ab
934 3710 1029 3764 hostili
1050 3714 1155 3783 impetu
1175 3709 1276 3763 delen-

280 3781 366 3836 deret.
392 3783 470 3838 luera.
495 3811 533 3826 -
557 3786 686 3838 Ceterum
714 3784 786 3858 qnod
814 3786 862 3840 hic
891 3783 971 3857 vulgo
997 3785 1157 3856 legebatur,
1184 3791 1240 3838 iam
1259 3803 1275 3836 e

281 3857 367 3912 eodd.
387 3857 497 3914 Vaticc.
524 3875 697 3918 correctum:
727 3869 792 3927 post
820 3861 951 3914 Attalum
975 3860 1116 3912 cristodem
1134 3867 1202 3929 agri
1221 3875 1275 3912 cet.

281 3951 315 3984 es
333 3937 448 3986 immani
468 3933 546 3985 fluxit
565 3937 793 4010 interpolatione,
809 3936 942 3990 historiae
956 3953 1062 4007 quoque
1076 3953 1186 4006 prorsus
1201 3952 1275 3988 con-

281 4012 375 4062 traria.
424 4011 470 4063 Sic
498 4013 571 4062 euim
599 4013 770 4066 Aristonicus
796 4011 882 4068 Attali
911 4011 982 4064 lilius
1010 4009 1211 4084 perhiberetur.
1236 4040 1276 4056 -

282 4085 465 4152 contritaeliis]
492 4085 563 4137 Livii
597 4085 726 4158 Epitome
750 4089 782 4143 L.
810 4091 856 4145 ¹16.
895 4086 1053 4153 ,Eumenes
1084 4103 1131 4138 rex
1158 4089 1275 4140 Romam

282 4163 372 4222 venit,
399 4164 467 4229 qui,
497 4164 560 4231 quis
585 4160 766 4216 Macedonico
792 4162 865 4215 hello
893 4159 1014 4214 medium
1033 4175 1143 4231 egerat,
1170 4179 1205 4214 ne
1225 4174 1274 4214 aut

281 4231 371 4287 hostis
400 4234 536 4290 iudicatus
561 4233 713 4310 videretur,
746 4241 771 4293 si
797 4238 921 4294 exclusus
949 4250 1036 4306 essct,
1063 4249 1110 4290 aut
1141 4235 1276 4315 liberatus
