<?xml version="1.0" encoding="UTF-8"?>
<!DOCTYPE html PUBLIC "-//W3C//DTD XHTML 1.0 Transitional//EN"
    "http://www.w3.org/TR/xhtml1/DTD/xhtml1-transitional.dtd">
<html xmlns="http://www.w3.org/1999/xhtml" xml:lang="en" lang="en">
 <head>
  <title>
</title>
<meta http-equiv="Content-Type" content="text/html;charset=utf-8" />
  <meta name='ocr-system' content='tesseract 3.04.00' />
  <meta name='ocr-capabilities' content='ocr_page ocr_carea ocr_par ocr_line ocrx_word'/>
</head>
<body>
  <div class='ocr_page' id='page_1' title='image "./orationesetepis00sallgoog/orationesetepis00sallgoog_0013.png"; bbox 0 0 2848 4928; ppageno 0'>
   <div class='ocr_carea' id='block_1_1' title="bbox 165 495 1270 604">
    <p class='ocr_par' dir='ltr' id='par_1_1' title="bbox 165 495 1270 604">
     <span class='ocr_line' id='line_1_1' title="bbox 165 495 1270 604; baseline 0.005 -26"><span class='ocrx_word' id='word_1_1' title='bbox 165 497 380 584; x_wconf 79' lang='lat' dir='ltr'><strong>2ulciscendo</strong></span> <span class='ocrx_word' id='word_1_2' title='bbox 402 516 583 583; x_wconf 79' lang='lat' dir='ltr'>teneamini.</span> <span class='ocrx_word' id='word_1_3' title='bbox 628 516 786 583; x_wconf 78' lang='lat' dir='ltr'><strong>satellites</strong></span> <span class='ocrx_word' id='word_1_4' title='bbox 802 519 926 604; x_wconf 83' lang='lat' dir='ltr'><strong>quidem</strong></span> <span class='ocrx_word' id='word_1_5' title='bbox 942 519 1029 600; x_wconf 87' lang='lat' dir='ltr'><strong>eins,</strong></span> <span class='ocrx_word' id='word_1_6' title='bbox 1051 495 1196 586; x_wconf 84' lang='lat' dir='ltr'><strong>homines</strong></span> <span class='ocrx_word' id='word_1_7' title='bbox 1263 568 1270 583; x_wconf 84' lang='lat'>.</span> 
     </span>
    </p>
   </div>
   <div class='ocr_carea' id='block_1_2' title="bbox 106 621 1313 2545">
    <p class='ocr_par' dir='ltr' id='par_1_2' title="bbox 106 621 1313 2545">
     <span class='ocr_line' id='line_1_2' title="bbox 200 621 1233 709; baseline 0.005 -23"><span class='ocrx_word' id='word_1_8' title='bbox 200 621 338 686; x_wconf 80' lang='lat' dir='ltr'>maxumi</span> <span class='ocrx_word' id='word_1_9' title='bbox 359 622 513 699; x_wconf 85' lang='lat' dir='ltr'><strong>nominis,</strong></span> <span class='ocrx_word' id='word_1_10' title='bbox 540 621 677 704; x_wconf 84' lang='lat' dir='ltr'><strong>optumis</strong></span> <span class='ocrx_word' id='word_1_11' title='bbox 701 622 852 686; x_wconf 88' lang='lat' dir='ltr'><strong>maiorum</strong></span> <span class='ocrx_word' id='word_1_12' title='bbox 874 623 1050 707; x_wconf 85' lang='lat' dir='ltr'><strong>exemplis,</strong></span> <span class='ocrx_word' id='word_1_13' title='bbox 1073 646 1197 709; x_wconf 86' lang='lat' dir='ltr'><strong>nequeo</strong></span> <span class='ocrx_word' id='word_1_14' title='bbox 1230 690 1233 701; x_wconf 34' lang='lat' dir='ltr'><em>s</em></span> 
     </span>
     <span class='ocr_line' id='line_1_3' title="bbox 188 717 1313 809; baseline 0.002 -20"><span class='ocrx_word' id='word_1_15' title='bbox 188 717 276 789; x_wconf 79' lang='lat' dir='ltr'><strong>&#39;satis</strong></span> <span class='ocrx_word' id='word_1_16' title='bbox 298 724 425 801; x_wconf 85' lang='lat' dir='ltr'><strong>mirari,</strong></span> <span class='ocrx_word' id='word_1_17' title='bbox 460 723 514 809; x_wconf 83' lang='lat' dir='ltr'><strong>qui</strong></span> <span class='ocrx_word' id='word_1_18' title='bbox 544 724 765 789; x_wconf 88' lang='lat' dir='ltr'><strong>dominationis</strong></span> <span class='ocrx_word' id='word_1_19' title='bbox 786 725 817 788; x_wconf 89' lang='lat' dir='ltr'><strong>in</strong></span> <span class='ocrx_word' id='word_1_20' title='bbox 840 747 900 790; x_wconf 86' lang='lat' dir='ltr'><strong>vos</strong></span> <span class='ocrx_word' id='word_1_21' title='bbox 922 727 1085 802; x_wconf 75' lang='lat' dir='ltr'><strong>servitium</strong></span> <span class='ocrx_word' id='word_1_22' title='bbox 1107 750 1198 791; x_wconf 89' lang='lat' dir='ltr'><strong>suum</strong></span> <span class='ocrx_word' id='word_1_23' title='bbox 1232 719 1238 731; x_wconf 21' lang='lat' dir='ltr'>N</span> <span class='ocrx_word' id='word_1_24' title='bbox 1305 745 1313 759; x_wconf 92' lang='lat'><strong>·</strong></span> 
     </span>
     <span class='ocr_line' id='line_1_4' title="bbox 198 827 1278 919; baseline 0.001 -28"><span class='ocrx_word' id='word_1_25' title='bbox 198 830 374 893; x_wconf 81' lang='lat' dir='ltr'><strong>mercedem</strong></span> <span class='ocrx_word' id='word_1_26' title='bbox 395 830 469 890; x_wconf 88' lang='lat' dir='ltr'><strong>dant</strong></span> <span class='ocrx_word' id='word_1_27' title='bbox 491 839 528 890; x_wconf 90' lang='lat' dir='ltr'><strong>et·</strong></span> <span class='ocrx_word' id='word_1_28' title='bbox 544 833 712 912; x_wconf 86' lang='lat' dir='ltr'><strong>utrumque</strong></span> <span class='ocrx_word' id='word_1_29' title='bbox 734 849 792 911; x_wconf 87' lang='lat' dir='ltr'><strong>per</strong></span> <span class='ocrx_word' id='word_1_30' title='bbox 807 827 951 892; x_wconf 87' lang='lat' dir='ltr'><strong>iniuriam</strong></span> <span class='ocrx_word' id='word_1_31' title='bbox 973 831 1091 919; x_wconf 78' lang='lat' dir='ltr'><strong>malunt</strong></span> <span class='ocrx_word' id='word_1_32' title='bbox 1105 851 1197 914; x_wconf 88' lang='lat' dir='ltr'><strong>quam</strong></span> <span class='ocrx_word' id='word_1_33' title='bbox 1276 863 1278 868; x_wconf 47' lang='lat'><strong>⁴</strong></span> 
     </span>
     <span class='ocr_line' id='line_1_5' title="bbox 200 929 1222 1016; baseline 0.003 -21"><span class='ocrx_word' id='word_1_34' title='bbox 200 942 335 1015; x_wconf 89' lang='lat' dir='ltr'><strong>optumo</strong></span> <span class='ocrx_word' id='word_1_35' title='bbox 357 929 426 992; x_wconf 92' lang='lat' dir='ltr'><strong>iure</strong></span> <span class='ocrx_word' id='word_1_36' title='bbox 455 929 549 993; x_wconf 87' lang='lat' dir='ltr'><strong>liberi</strong></span> <span class='ocrx_word' id='word_1_37' title='bbox 571 951 686 1015; x_wconf 83' lang='lat' dir='ltr'><strong>agere3</strong></span> <span class='ocrx_word' id='word_1_38' title='bbox 718 933 882 1014; x_wconf 90' lang='lat' dir='ltr'><strong>praeclara</strong></span> <span class='ocrx_word' id='word_1_39' title='bbox 906 933 1080 995; x_wconf 79' lang='lat' dir='ltr'><strong>Brutorum</strong></span> <span class='ocrx_word' id='word_1_40' title='bbox 1102 941 1222 1016; x_wconf 72' lang='lat' dir='ltr'><strong>aequet</strong></span> 
     </span>
     <span class='ocr_line' id='line_1_6' title="bbox 199 1021 1197 1120; baseline -0.001 -20"><span class='ocrx_word' id='word_1_41' title='bbox 199 1021 411 1100; x_wconf 78' lang='lat' dir='ltr'><strong>Aemiliorum</strong></span> <span class='ocrx_word' id='word_1_42' title='bbox 434 1045 466 1096; x_wconf 86' lang='lat' dir='ltr'><strong>et</strong></span> <span class='ocrx_word' id='word_1_43' title='bbox 480 1034 683 1097; x_wconf 82' lang='lat' dir='ltr'><strong>Lutatiorum</strong></span> <span class='ocrx_word' id='word_1_44' title='bbox 700 1035 827 1117; x_wconf 86' lang='lat' dir='ltr'><strong>proles,</strong></span> <span class='ocrx_word' id='word_1_45' title='bbox 853 1036 950 1119; x_wconf 83' lang='lat' dir='ltr'><strong>geniti</strong></span> <span class='ocrx_word' id='word_1_46' title='bbox 973 1038 1012 1098; x_wconf 88' lang='lat' dir='ltr'><strong>ad</strong></span> <span class='ocrx_word' id='word_1_47' title='bbox 1033 1057 1069 1098; x_wconf 87' lang='lat' dir='ltr'><strong>ea</strong></span> <span class='ocrx_word' id='word_1_48' title='bbox 1081 1079 1090 1112; x_wconf 93' lang='lat'><strong>,</strong></span> <span class='ocrx_word' id='word_1_49' title='bbox 1116 1057 1197 1120; x_wconf 90' lang='lat' dir='ltr'><strong>qnae</strong></span> 
     </span>
     <span class='ocr_line' id='line_1_7' title="bbox 164 1127 1197 1222; baseline 0.002 -22"><span class='ocrx_word' id='word_1_50' title='bbox 164 1127 337 1212; x_wconf 75' lang='lat' dir='ltr'><strong>ssmaiores</strong></span> <span class='ocrx_word' id='word_1_51' title='bbox 359 1135 478 1214; x_wconf 85' lang='lat' dir='ltr'><strong>virtute</strong></span> <span class='ocrx_word' id='word_1_52' title='bbox 499 1158 673 1219; x_wconf 82' lang='lat' dir='ltr'><strong>peperere,</strong></span> <span class='ocrx_word' id='word_1_53' title='bbox 698 1140 934 1202; x_wconf 86' lang='lat' dir='ltr'><strong>subvortundal</strong></span> <span class='ocrx_word' id='word_1_54' title='bbox 979 1140 1061 1201; x_wconf 89' lang='lat' dir='ltr'><strong>Nam</strong></span> <span class='ocrx_word' id='word_1_55' title='bbox 1084 1138 1197 1222; x_wconf 86' lang='lat' dir='ltr'><strong>quida</strong></span> 
     </span>
     <span class='ocr_line' id='line_1_8' title="bbox 198 1239 1197 1326; baseline -0.002 -21"><span class='ocrx_word' id='word_1_56' title='bbox 198 1241 331 1321; x_wconf 86' lang='lat' dir='ltr'><strong>Pyrrho</strong></span> <span class='ocrx_word' id='word_1_57' title='bbox 353 1240 532 1304; x_wconf 82' lang='lat' dir='ltr'><strong>Hannibale</strong></span> <span class='ocrx_word' id='word_1_58' title='bbox 554 1239 770 1326; x_wconf 89' lang='lat' dir='ltr'><strong>Philippoque</strong></span> <span class='ocrx_word' id='word_1_59' title='bbox 793 1255 824 1306; x_wconf 88' lang='lat' dir='ltr'><strong>et</strong></span> <span class='ocrx_word' id='word_1_60' title='bbox 846 1241 1009 1306; x_wconf 88' lang='lat' dir='ltr'><strong>Antiocho</strong></span> <span class='ocrx_word' id='word_1_61' title='bbox 1031 1241 1197 1304; x_wconf 81' lang='lat' dir='ltr'><strong>defensum</strong></span> 
     </span>
     <span class='ocr_line' id='line_1_9' title="bbox 199 1343 1199 1429; baseline -0.001 -23"><span class='ocrx_word' id='word_1_62' title='bbox 199 1355 249 1406; x_wconf 89' lang='lat' dir='ltr'><strong>est</strong></span> <span class='ocrx_word' id='word_1_63' title='bbox 270 1343 355 1406; x_wconf 86' lang='lat' dir='ltr'><strong>aliud</strong></span> <span class='ocrx_word' id='word_1_64' title='bbox 377 1364 468 1428; x_wconf 87' lang='lat' dir='ltr'><strong>qnam</strong></span> <span class='ocrx_word' id='word_1_65' title='bbox 490 1343 619 1406; x_wconf 88' lang='lat' dir='ltr'><strong>libertas</strong></span> <span class='ocrx_word' id='word_1_66' title='bbox 642 1355 673 1406; x_wconf 93' lang='lat' dir='ltr'><strong>et</strong></span> <span class='ocrx_word' id='word_1_67' title='bbox 695 1366 771 1407; x_wconf 92' lang='lat' dir='ltr'><strong>suae</strong></span> <span class='ocrx_word' id='word_1_68' title='bbox 794 1345 906 1429; x_wconf 88' lang='lat' dir='ltr'><strong>cuique</strong></span> <span class='ocrx_word' id='word_1_69' title='bbox 928 1347 1036 1419; x_wconf 83' lang='lat' dir='ltr'><strong>sedes3</strong></span> <span class='ocrx_word' id='word_1_70' title='bbox 1065 1365 1127 1406; x_wconf 91' lang='lat' dir='ltr'><strong>neu</strong></span> <span class='ocrx_word' id='word_1_71' title='bbox 1148 1343 1199 1406; x_wconf 92' lang='lat' dir='ltr'><strong>cui</strong></span> 
     </span>
     <span class='ocr_line' id='line_1_10' title="bbox 199 1445 1244 1530; baseline 0.008 -22"><span class='ocrx_word' id='word_1_72' title='bbox 199 1445 259 1508; x_wconf 88' lang='lat' dir='ltr'><strong>nisi</strong></span> <span class='ocrx_word' id='word_1_73' title='bbox 274 1446 399 1530; x_wconf 86' lang='lat' dir='ltr'><strong>legibus</strong></span> <span class='ocrx_word' id='word_1_74' title='bbox 415 1445 623 1527; x_wconf 85' lang='lat' dir='ltr'><strong>pareremus?</strong></span> <span class='ocrx_word' id='word_1_75' title='bbox 647 1448 737 1528; x_wconf 83' lang='lat' dir='ltr'><strong>Quae</strong></span> <span class='ocrx_word' id='word_1_76' title='bbox 759 1460 872 1510; x_wconf 85' lang='lat' dir='ltr'><strong>cuncta</strong></span> <span class='ocrx_word' id='word_1_77' title='bbox 893 1469 1025 1510; x_wconf 86' lang='lat' dir='ltr'><strong>scaevus</strong></span> <span class='ocrx_word' id='word_1_78' title='bbox 1047 1447 1106 1510; x_wconf 88' lang='lat' dir='ltr'><strong>iste</strong></span> <span class='ocrx_word' id='word_1_79' title='bbox 1129 1447 1199 1511; x_wconf 89' lang='lat' dir='ltr'><strong>Ro·</strong></span> <span class='ocrx_word' id='word_1_80' title='bbox 1212 1467 1244 1516; x_wconf 80' lang='lat'><strong>1⁰</strong></span> 
     </span>
     <span class='ocr_line' id='line_1_11' title="bbox 199 1547 1201 1633; baseline 0.004 -23"><span class='ocrx_word' id='word_1_81' title='bbox 199 1547 303 1611; x_wconf 88' lang='lat' dir='ltr'><strong>mulus</strong></span> <span class='ocrx_word' id='word_1_82' title='bbox 331 1548 421 1633; x_wconf 89' lang='lat' dir='ltr'><strong>quasi</strong></span> <span class='ocrx_word' id='word_1_83' title='bbox 443 1551 482 1611; x_wconf 84' lang='lat' dir='ltr'><strong>ab</strong></span> <span class='ocrx_word' id='word_1_84' title='bbox 504 1548 644 1612; x_wconf 76' lang='lat' dir='ltr'><strong>externis</strong></span> <span class='ocrx_word' id='word_1_85' title='bbox 667 1562 756 1632; x_wconf 84' lang='lat' dir='ltr'><strong>rapta</strong></span> <span class='ocrx_word' id='word_1_86' title='bbox 779 1562 883 1626; x_wconf 85' lang='lat' dir='ltr'><strong>tenet,</strong></span> <span class='ocrx_word' id='word_1_87' title='bbox 916 1573 981 1616; x_wconf 90' lang='lat' dir='ltr'><strong>non</strong></span> <span class='ocrx_word' id='word_1_88' title='bbox 1003 1562 1053 1614; x_wconf 88' lang='lat' dir='ltr'><strong>tot</strong></span> <span class='ocrx_word' id='word_1_89' title='bbox 1075 1552 1201 1614; x_wconf 83' lang='lat' dir='ltr'><strong>exerci-</strong></span> 
     </span>
     <span class='ocr_line' id='line_1_12' title="bbox 198 1653 1198 1736; baseline 0.008 -24"><span class='ocrx_word' id='word_1_90' title='bbox 198 1661 286 1714; x_wconf 88' lang='lat' dir='ltr'><strong>tuum</strong></span> <span class='ocrx_word' id='word_1_91' title='bbox 321 1653 410 1716; x_wconf 89' lang='lat' dir='ltr'><strong>clade</strong></span> <span class='ocrx_word' id='word_1_92' title='bbox 446 1673 548 1736; x_wconf 87' lang='lat' dir='ltr'><strong>neque</strong></span> <span class='ocrx_word' id='word_1_93' title='bbox 583 1654 746 1716; x_wconf 89' lang='lat' dir='ltr'><strong>consulum</strong></span> <span class='ocrx_word' id='word_1_94' title='bbox 775 1666 808 1718; x_wconf 91' lang='lat' dir='ltr'><strong>et</strong></span> <span class='ocrx_word' id='word_1_95' title='bbox 837 1655 971 1718; x_wconf 89' lang='lat' dir='ltr'><strong>aliorum</strong></span> <span class='ocrx_word' id='word_1_96' title='bbox 999 1653 1198 1736; x_wconf 78' lang='lat' dir='ltr'><strong>principum,</strong></span> 
     </span>
     <span class='ocr_line' id='line_1_13' title="bbox 200 1743 1202 1838; baseline 0.002 -22"><span class='ocrx_word' id='word_1_97' title='bbox 200 1775 282 1836; x_wconf 90' lang='lat' dir='ltr'><strong>quos</strong></span> <span class='ocrx_word' id='word_1_98' title='bbox 304 1755 434 1817; x_wconf 82' lang='lat' dir='ltr'><strong>fortuna</strong></span> <span class='ocrx_word' id='word_1_99' title='bbox 461 1743 537 1819; x_wconf 87' lang='lat' dir='ltr'><strong>belli</strong></span> <span class='ocrx_word' id='word_1_100' title='bbox 567 1768 824 1838; x_wconf 84' lang='lat' dir='ltr'><strong>consumpserat,</strong></span> <span class='ocrx_word' id='word_1_101' title='bbox 865 1757 1015 1833; x_wconf 84' lang='lat' dir='ltr'><strong>satiatus,</strong></span> <span class='ocrx_word' id='word_1_102' title='bbox 1049 1759 1108 1819; x_wconf 92' lang='lat' dir='ltr'><strong>&#39;sed</strong></span> <span class='ocrx_word' id='word_1_103' title='bbox 1136 1769 1202 1818; x_wconf 88' lang='lat' dir='ltr'><strong>tum</strong></span> 
     </span>
     <span class='ocr_line' id='line_1_14' title="bbox 200 1857 1202 1940; baseline 0.001 -20"><span class='ocrx_word' id='word_1_104' title='bbox 200 1857 381 1928; x_wconf 84' lang='lat' dir='ltr'><strong>crudelior,</strong></span> <span class='ocrx_word' id='word_1_105' title='bbox 405 1879 502 1940; x_wconf 81' lang='lat' dir='ltr'><strong>quom</strong></span> <span class='ocrx_word' id='word_1_106' title='bbox 525 1858 696 1938; x_wconf 90' lang='lat' dir='ltr'><strong>plerosque</strong></span> <span class='ocrx_word' id='word_1_107' title='bbox 719 1861 874 1930; x_wconf 83' lang='lat' dir='ltr'><strong>secundae</strong></span> <span class='ocrx_word' id='word_1_108' title='bbox 896 1879 948 1920; x_wconf 90' lang='lat' dir='ltr'><strong>res</strong></span> <span class='ocrx_word' id='word_1_109' title='bbox 970 1858 1001 1919; x_wconf 92' lang='lat' dir='ltr'><strong>in</strong></span> <span class='ocrx_word' id='word_1_110' title='bbox 1024 1858 1202 1922; x_wconf 89' lang='lat' dir='ltr'><strong>miseratio-</strong></span> 
     </span>
     <span class='ocr_line' id='line_1_15' title="bbox 178 1958 1246 2042; baseline -0.002 -17"><span class='ocrx_word' id='word_1_111' title='bbox 178 1981 271 2025; x_wconf 91' lang='lat' dir='ltr'><strong>.nem</strong></span> <span class='ocrx_word' id='word_1_112' title='bbox 295 1980 336 2021; x_wconf 91' lang='lat' dir='ltr'><strong>ex</strong></span> <span class='ocrx_word' id='word_1_113' title='bbox 358 1959 404 2020; x_wconf 85' lang='lat' dir='ltr'><strong>irs</strong></span> <span class='ocrx_word' id='word_1_114' title='bbox 423 1970 568 2022; x_wconf 86' lang='lat' dir='ltr'><strong>vortunt.</strong></span> <span class='ocrx_word' id='word_1_115' title='bbox 614 1958 699 2039; x_wconf 84' lang='lat' dir='ltr'><strong>Quin</strong></span> <span class='ocrx_word' id='word_1_116' title='bbox 723 1959 809 2022; x_wconf 88' lang='lat' dir='ltr'><strong>solus</strong></span> <span class='ocrx_word' id='word_1_117' title='bbox 824 1959 961 2021; x_wconf 89' lang='lat' dir='ltr'><strong>omnium</strong></span> <span class='ocrx_word' id='word_1_118' title='bbox 984 1972 1059 2041; x_wconf 90' lang='lat' dir='ltr'><strong>post</strong></span> <span class='ocrx_word' id='word_1_119' title='bbox 1082 1981 1246 2042; x_wconf 75' lang='lat' dir='ltr'><strong>memo-15</strong></span> 
     </span>
     <span class='ocr_line' id='line_1_16' title="bbox 179 2058 1233 2149; baseline 0.001 -25"><span class='ocrx_word' id='word_1_120' title='bbox 179 2058 280 2125; x_wconf 77' lang='lat' dir='ltr'><strong>&#39;riam</strong></span> <span class='ocrx_word' id='word_1_121' title='bbox 308 2060 437 2126; x_wconf 89' lang='lat' dir='ltr'><strong>hnmani</strong></span> <span class='ocrx_word' id='word_1_122' title='bbox 466 2061 604 2144; x_wconf 72' lang='lat' dir='ltr'><strong>generis</strong></span> <span class='ocrx_word' id='word_1_123' title='bbox 635 2059 789 2142; x_wconf 85' lang='lat' dir='ltr'><strong>supplicia</strong></span> <span class='ocrx_word' id='word_1_124' title='bbox 814 2059 845 2122; x_wconf 92' lang='lat' dir='ltr'><strong>in</strong></span> <span class='ocrx_word' id='word_1_125' title='bbox 867 2072 943 2142; x_wconf 87' lang='lat' dir='ltr'><strong>post</strong></span> <span class='ocrx_word' id='word_1_126' title='bbox 964 2062 1203 2149; x_wconf 83' lang='lat' dir='ltr'><strong>futuroscom·</strong></span> <span class='ocrx_word' id='word_1_127' title='bbox 1230 2088 1233 2093; x_wconf 92' lang='lat'>·</span> 
     </span>
     <span class='ocr_line' id='line_1_17' title="bbox 199 2163 1204 2248; baseline 0.002 -21"><span class='ocrx_word' id='word_1_128' title='bbox 199 2163 332 2248; x_wconf 90' lang='lat' dir='ltr'><strong>posuit,</strong></span> <span class='ocrx_word' id='word_1_129' title='bbox 357 2163 425 2246; x_wconf 88' lang='lat' dir='ltr'><strong>quis</strong></span> <span class='ocrx_word' id='word_1_130' title='bbox 447 2163 536 2246; x_wconf 89' lang='lat' dir='ltr'><strong>prins</strong></span> <span class='ocrx_word' id='word_1_131' title='bbox 560 2163 673 2232; x_wconf 87' lang='lat' dir='ltr'><strong>iniuria</strong></span> <span class='ocrx_word' id='word_1_132' title='bbox 695 2183 787 2246; x_wconf 89' lang='lat' dir='ltr'><strong>quam</strong></span> <span class='ocrx_word' id='word_1_133' title='bbox 811 2165 877 2225; x_wconf 90' lang='lat' dir='ltr'><strong>vita</strong></span> <span class='ocrx_word' id='word_1_134' title='bbox 893 2176 980 2226; x_wconf 88' lang='lat' dir='ltr'><strong>certa</strong></span> <span class='ocrx_word' id='word_1_135' title='bbox 1003 2176 1103 2240; x_wconf 88' lang='lat' dir='ltr'><strong>esset;</strong></span> <span class='ocrx_word' id='word_1_136' title='bbox 1129 2187 1204 2248; x_wconf 89' lang='lat' dir='ltr'><strong>pra-</strong></span> 
     </span>
     <span class='ocr_line' id='line_1_18' title="bbox 200 2254 1200 2352; baseline -0.002 -20"><span class='ocrx_word' id='word_1_137' title='bbox 200 2266 402 2352; x_wconf 82' lang='lat' dir='ltr'><strong>vissumeque</strong></span> <span class='ocrx_word' id='word_1_138' title='bbox 424 2287 482 2348; x_wconf 89' lang='lat' dir='ltr'><strong>per</strong></span> <span class='ocrx_word' id='word_1_139' title='bbox 504 2254 633 2330; x_wconf 85' lang='lat' dir='ltr'><strong>sceleris</strong></span> <span class='ocrx_word' id='word_1_140' title='bbox 656 2264 879 2330; x_wconf 85' lang='lat' dir='ltr'><strong>immanitatem</strong></span> <span class='ocrx_word' id='word_1_141' title='bbox 896 2269 997 2330; x_wconf 88' lang='lat' dir='ltr'><strong>adhuc</strong></span> <span class='ocrx_word' id='word_1_142' title='bbox 1019 2279 1106 2330; x_wconf 88' lang='lat' dir='ltr'><strong>tutus</strong></span> <span class='ocrx_word' id='word_1_143' title='bbox 1127 2268 1200 2344; x_wconf 83' lang='lat' dir='ltr'><strong>tuit,</strong></span> 
     </span>
     <span class='ocr_line' id='line_1_19' title="bbox 201 2355 1288 2456; baseline 0.001 -23"><span class='ocrx_word' id='word_1_144' title='bbox 201 2371 274 2433; x_wconf 92' lang='lat' dir='ltr'><strong>dum</strong></span> <span class='ocrx_word' id='word_1_145' title='bbox 297 2391 358 2435; x_wconf 81' lang='lat' dir='ltr'><strong>ros</strong></span> <span class='ocrx_word' id='word_1_146' title='bbox 387 2381 473 2434; x_wconf 91' lang='lat' dir='ltr'><strong>metu</strong></span> <span class='ocrx_word' id='word_1_147' title='bbox 494 2355 654 2456; x_wconf 84' lang='lat' dir='ltr'><strong>gravioris</strong></span> <span class='ocrx_word' id='word_1_148' title='bbox 684 2368 794 2432; x_wconf 87' lang='lat' dir='ltr'><strong>serviti</strong></span> <span class='ocrx_word' id='word_1_149' title='bbox 817 2390 834 2432; x_wconf 90' lang='lat' dir='ltr'><strong>a</strong></span> <span class='ocrx_word' id='word_1_150' title='bbox 855 2371 1030 2452; x_wconf 86' lang='lat' dir='ltr'><strong>repetunda</strong></span> <span class='ocrx_word' id='word_1_151' title='bbox 1052 2369 1201 2434; x_wconf 86' lang='lat' dir='ltr'><strong>libertate</strong></span> <span class='ocrx_word' id='word_1_152' title='bbox 1285 2403 1288 2410; x_wconf 86' lang='lat'>.</span> 
     </span>
     <span class='ocr_line' id='line_1_20' title="bbox 106 2470 1246 2545; baseline 0.01 -11"><span class='ocrx_word' id='word_1_153' title='bbox 106 2503 109 2514; x_wconf 88' lang='lat'><strong>·</strong></span> <span class='ocrx_word' id='word_1_154' title='bbox 200 2470 376 2537; x_wconf 88' lang='lat' dir='ltr'><strong>terremini.</strong></span> <span class='ocrx_word' id='word_1_155' title='bbox 1212 2497 1246 2545; x_wconf 75' lang='lat' dir='ltr'><strong>to</strong></span> 
     </span>
    </p>
   </div>
   <div class='ocr_carea' id='block_1_3' title="bbox 219 2645 1204 2986">
    <p class='ocr_par' dir='ltr' id='par_1_3' title="bbox 236 2645 1204 2782">
     <span class='ocr_line' id='line_1_21' title="bbox 236 2645 1204 2706; baseline 0 -12"><span class='ocrx_word' id='word_1_156' title='bbox 236 2645 263 2694; x_wconf 81' lang='lat'><strong>2.</strong></span> <span class='ocrx_word' id='word_1_157' title='bbox 283 2649 402 2706; x_wconf 86' lang='lat' dir='ltr'><strong>nominis,</strong></span> <span class='ocrx_word' id='word_1_158' title='bbox 422 2649 560 2696; x_wconf 73' lang='lat' dir='ltr'><strong>nonninus</strong></span> <span class='ocrx_word' id='word_1_159' title='bbox 575 2649 672 2706; x_wconf 87' lang='lat' dir='ltr'><strong>optimis</strong></span> <span class='ocrx_word' id='word_1_160' title='bbox 709 2645 734 2692; x_wconf 86' lang='grc'><strong>3.</strong></span> <span class='ocrx_word' id='word_1_161' title='bbox 753 2648 852 2695; x_wconf 82' lang='lat' dir='ltr'><strong>mirari:</strong></span> <span class='ocrx_word' id='word_1_162' title='bbox 877 2648 1047 2694; x_wconf 82' lang='lat' dir='ltr'><strong>dominationis</strong></span> <span class='ocrx_word' id='word_1_163' title='bbox 1083 2647 1108 2694; x_wconf 84' lang='lat'><strong>⁵.</strong></span> <span class='ocrx_word' id='word_1_164' title='bbox 1127 2649 1204 2694; x_wconf 83' lang='lat' dir='ltr'><strong>libere</strong></span> 
     </span>
     <span class='ocr_line' id='line_1_22' title="bbox 289 2714 1203 2782; baseline -0.002 -16"><span class='ocrx_word' id='word_1_165' title='bbox 289 2717 314 2766; x_wconf 80' lang='grc'><strong>7.</strong></span> <span class='ocrx_word' id='word_1_166' title='bbox 334 2721 493 2765; x_wconf 79' lang='lat' dir='ltr'><strong>subvertenda</strong></span> <span class='ocrx_word' id='word_1_167' title='bbox 519 2714 619 2782; x_wconf 65' lang='lat' dir='ltr'><strong>(sieque</strong></span> <span class='ocrx_word' id='word_1_168' title='bbox 646 2731 745 2777; x_wconf 75' lang='lat' dir='ltr'><strong>seraper</strong></span> <span class='ocrx_word' id='word_1_169' title='bbox 775 2719 802 2764; x_wconf 85' lang='lat' dir='ltr'><strong>in</strong></span> <span class='ocrx_word' id='word_1_170' title='bbox 827 2733 850 2764; x_wconf 82' lang='lat' dir='ltr'><strong>o.</strong></span> <span class='ocrx_word' id='word_1_171' title='bbox 875 2717 992 2772; x_wconf 83' lang='lat' dir='ltr'><strong>vortere.)</strong></span> <span class='ocrx_word' id='word_1_172' title='bbox 1048 2715 1089 2765; x_wconf 86' lang='grc'><strong>10.</strong></span> <span class='ocrx_word' id='word_1_173' title='bbox 1118 2731 1203 2764; x_wconf 80' lang='lat' dir='ltr'><strong>saevus</strong></span> 
     </span>
    </p>

    <p class='ocr_par' dir='ltr' id='par_1_4' title="bbox 219 2780 1204 2986">
     <span class='ocr_line' id='line_1_23' title="bbox 219 2780 1203 2844; baseline -0.003 -11"><span class='ocrx_word' id='word_1_174' title='bbox 219 2780 223 2786; x_wconf 67' lang='grc'><strong>’</strong></span> <span class='ocrx_word' id='word_1_175' title='bbox 289 2781 332 2833; x_wconf 77' lang='lat'><strong>12.</strong></span> <span class='ocrx_word' id='word_1_176' title='bbox 352 2789 457 2834; x_wconf 87' lang='lat' dir='ltr'><strong>consulis</strong></span> <span class='ocrx_word' id='word_1_177' title='bbox 495 2787 537 2836; x_wconf 84' lang='lat'><strong>15.</strong></span> <span class='ocrx_word' id='word_1_178' title='bbox 555 2794 610 2844; x_wconf 85' lang='lat' dir='ltr'><strong>post</strong></span> <span class='ocrx_word' id='word_1_179' title='bbox 622 2789 763 2833; x_wconf 80' lang='lat' dir='ltr'><strong>mernor-iem</strong></span> <span class='ocrx_word' id='word_1_180' title='bbox 779 2789 910 2834; x_wconf 88' lang='lat' dir='ltr'><strong>hominum.</strong></span> <span class='ocrx_word' id='word_1_181' title='bbox 931 2789 1022 2844; x_wconf 82' lang='lat' dir='ltr'><strong>(Cdd.:</strong></span> <span class='ocrx_word' id='word_1_182' title='bbox 1042 2793 1097 2843; x_wconf 86' lang='lat' dir='ltr'><strong>post</strong></span> <span class='ocrx_word' id='word_1_183' title='bbox 1113 2801 1203 2832; x_wconf 87' lang='lat' dir='ltr'><strong>memo-</strong></span> 
     </span>
     <span class='ocr_line' id='line_1_24' title="bbox 289 2851 1204 2920; baseline -0.005 -16"><span class='ocrx_word' id='word_1_184' title='bbox 289 2857 352 2904; x_wconf 76' lang='lat' dir='ltr'><strong>riam</strong></span> <span class='ocrx_word' id='word_1_185' title='bbox 370 2858 475 2902; x_wconf 82' lang='lat' dir='ltr'><strong>hnmani.</strong></span> <span class='ocrx_word' id='word_1_186' title='bbox 500 2856 618 2915; x_wconf 81' lang='lat' dir='ltr'><strong>Suppleoi</strong></span> <span class='ocrx_word' id='word_1_187' title='bbox 634 2851 756 2920; x_wconf 72' lang='lat' dir='ltr'><strong>generis.)</strong></span> <span class='ocrx_word' id='word_1_188' title='bbox 792 2855 835 2902; x_wconf 84' lang='grc'><strong>18.</strong></span> <span class='ocrx_word' id='word_1_189' title='bbox 852 2858 912 2904; x_wconf 76' lang='lat' dir='ltr'><strong>furit</strong></span> <span class='ocrx_word' id='word_1_190' title='bbox 937 2855 977 2903; x_wconf 80' lang='lat'><strong>19.</strong></span> <span class='ocrx_word' id='word_1_191' title='bbox 997 2857 1090 2902; x_wconf 80' lang='lat' dir='ltr'><strong>servitii</strong></span> <span class='ocrx_word' id='word_1_192' title='bbox 1107 2855 1204 2916; x_wconf 72' lang='lat' dir='ltr'><strong>(sieque</strong></span> 
     </span>
     <span class='ocr_line' id='line_1_25' title="bbox 288 2925 706 2986; baseline 0 -14"><span class='ocrx_word' id='word_1_193' title='bbox 288 2927 317 2972; x_wconf 85' lang='lat' dir='ltr'><strong>in</strong></span> <span class='ocrx_word' id='word_1_194' title='bbox 334 2926 427 2972; x_wconf 73' lang='lat' dir='ltr'><strong>tatum</strong></span> <span class='ocrx_word' id='word_1_195' title='bbox 445 2939 545 2984; x_wconf 76' lang='lat' dir='ltr'><strong>semper·</strong></span> <span class='ocrx_word' id='word_1_196' title='bbox 561 2925 657 2986; x_wconf 71' lang='lat' dir='ltr'><strong>duplex</strong></span> <span class='ocrx_word' id='word_1_197' title='bbox 676 2926 706 2982; x_wconf 84' lang='lat' dir='ltr'><strong>l.)</strong></span> 
     </span>
    </p>
   </div>
   <div class='ocr_carea' id='block_1_4' title="bbox 172 3068 1208 4280">
    <p class='ocr_par' dir='ltr' id='par_1_5' title="bbox 191 3068 1205 3355">
     <span class='ocr_line' id='line_1_26' title="bbox 201 3068 1204 3148; baseline -0.004 -19"><span class='ocrx_word' id='word_1_198' title='bbox 201 3072 298 3148; x_wconf 72' lang='lat' dir='ltr'><strong>espioo</strong></span> <span class='ocrx_word' id='word_1_199' title='bbox 320 3071 451 3128; x_wconf 81' lang='lat' dir='ltr'><strong>d&#39;ablatii</strong></span> <span class='ocrx_word' id='word_1_200' title='bbox 468 3073 582 3127; x_wconf 84' lang='lat' dir='ltr'><strong>absolu:</strong></span> <span class='ocrx_word' id='word_1_201' title='bbox 603 3074 785 3141; x_wconf 61' lang='lat' dir='ltr'><strong>,La-erainte</strong></span> <span class='ocrx_word' id='word_1_202' title='bbox 810 3068 886 3126; x_wconf 73' lang='lat' dir='ltr'><strong>dtsnt</strong></span> <span class='ocrx_word' id='word_1_203' title='bbox 907 3085 984 3126; x_wconf 81' lang='lat' dir='ltr'><strong>voire</strong></span> <span class='ocrx_word' id='word_1_204' title='bbox 1003 3069 1073 3125; x_wconf 89' lang='lat' dir='ltr'><strong>lot.”</strong></span> <span class='ocrx_word' id='word_1_205' title='bbox 1094 3089 1204 3125; x_wconf 83' lang='lat' dir='ltr'><strong>-ca-</strong></span> 
     </span>
     <span class='ocr_line' id='line_1_27' title="bbox 199 3145 1205 3221; baseline -0.004 -19"><span class='ocrx_word' id='word_1_206' title='bbox 199 3147 301 3221; x_wconf 72' lang='lat' dir='ltr'><strong>ptivis]</strong></span> <span class='ocrx_word' id='word_1_207' title='bbox 322 3177 357 3194; x_wconf 89' lang='lat'><em>-</em></span> <span class='ocrx_word' id='word_1_208' title='bbox 377 3155 470 3221; x_wconf 80' lang='lat' dir='ltr'><strong>captis</strong></span> <span class='ocrx_word' id='word_1_209' title='bbox 482 3153 574 3202; x_wconf 73' lang='lat' dir='ltr'><strong>Vatic-</strong></span> <span class='ocrx_word' id='word_1_210' title='bbox 591 3154 699 3202; x_wconf 82' lang='lat' dir='ltr'><strong>tertius.</strong></span> <span class='ocrx_word' id='word_1_211' title='bbox 737 3150 793 3202; x_wconf 88' lang='lat' dir='ltr'><strong>Cur</strong></span> <span class='ocrx_word' id='word_1_212' title='bbox 806 3162 926 3220; x_wconf 78' lang='lat' dir='ltr'><strong>praestat</strong></span> <span class='ocrx_word' id='word_1_213' title='bbox 945 3145 1031 3200; x_wconf 80' lang='lat' dir='ltr'><strong>illudi</strong></span> <span class='ocrx_word' id='word_1_214' title='bbox 1051 3151 1134 3198; x_wconf 87' lang='lat' dir='ltr'><strong>-in</strong></span> <span class='ocrx_word' id='word_1_215' title='bbox 1154 3155 1205 3199; x_wconf 84' lang='lat' dir='ltr'><strong>tu-</strong></span> 
     </span>
     <span class='ocr_line' id='line_1_28' title="bbox 202 3221 1205 3296; baseline -0.001 -19"><span class='ocrx_word' id='word_1_216' title='bbox 202 3225 298 3277; x_wconf 77' lang='lat' dir='ltr'><strong>tandis</strong></span> <span class='ocrx_word' id='word_1_217' title='bbox 307 3225 441 3295; x_wconf 80' lang='lat' dir='ltr'><strong>periculis</strong></span> <span class='ocrx_word' id='word_1_218' title='bbox 451 3239 479 3278; x_wconf 82' lang='lat' dir='ltr'><strong>et</strong></span> <span class='ocrx_word' id='word_1_219' title='bbox 494 3229 654 3296; x_wconf 76' lang='lat' dir='ltr'><strong>teneamini]</strong></span> <span class='ocrx_word' id='word_1_220' title='bbox 665 3221 812 3294; x_wconf 87' lang='lat' dir='ltr'><strong>Quomodo</strong></span> <span class='ocrx_word' id='word_1_221' title='bbox 824 3224 931 3280; x_wconf 78' lang='lat' dir='ltr'><strong>Graece</strong></span> <span class='ocrx_word' id='word_1_222' title='bbox 945 3221 1021 3276; x_wconf 87' lang='lat' dir='ltr'><strong>dicas</strong></span> <span class='ocrx_word' id='word_1_223' title='bbox 1033 3224 1092 3276; x_wconf 85' lang='lat' dir='ltr'><strong>i-</strong></span> <span class='ocrx_word' id='word_1_224' title='bbox 1105 3222 1205 3278; x_wconf 83' lang='lat' dir='ltr'><strong>Aldina</strong></span> 
     </span>
     <span class='ocr_line' id='line_1_29' title="bbox 191 3298 880 3355; baseline -0.013 0"><span class='ocrx_word' id='word_1_225' title='bbox 191 3298 322 3354; x_wconf 65' lang='lat' dir='ltr'><strong>secunda</strong></span> <span class='ocrx_word' id='word_1_226' title='bbox 342 3304 372 3351; x_wconf 86' lang='lat' dir='ltr'><strong>in</strong></span> <span class='ocrx_word' id='word_1_227' title='bbox 390 3300 526 3355; x_wconf 79' lang='lat' dir='ltr'><strong>vitandis.</strong></span> <span class='ocrx_word' id='word_1_228' title='bbox 794 3339 797 3348; x_wconf 85' lang='lat'>.</span> <span class='ocrx_word' id='word_1_229' title='bbox 879 3305 880 3312; x_wconf 77' lang='grc'>’</span> 
     </span>
    </p>

    <p class='ocr_par' dir='ltr' id='par_1_6' title="bbox 201 3369 1206 3904">
     <span class='ocr_line' id='line_1_30' title="bbox 258 3369 1205 3447; baseline -0.004 -15"><span class='ocrx_word' id='word_1_230' title='bbox 258 3376 283 3444; x_wconf 74' lang='lat'><strong>§-</strong></span> <span class='ocrx_word' id='word_1_231' title='bbox 303 3381 330 3432; x_wconf 84' lang='lat'><strong>2.</strong></span> <span class='ocrx_word' id='word_1_232' title='bbox 351 3375 508 3443; x_wconf 76' lang='lat' dir='ltr'><strong>,streiler,</strong></span> <span class='ocrx_word' id='word_1_233' title='bbox 538 3379 670 3447; x_wconf 76' lang='lat' dir='ltr'><strong>stipator,</strong></span> <span class='ocrx_word' id='word_1_234' title='bbox 697 3375 839 3442; x_wconf 81' lang='lat' dir='ltr'><strong>assecula,</strong></span> <span class='ocrx_word' id='word_1_235' title='bbox 863 3369 1010 3446; x_wconf 83' lang='lat' dir='ltr'><strong>(assecla),</strong></span> <span class='ocrx_word' id='word_1_236' title='bbox 1031 3387 1205 3441; x_wconf 83' lang='lat' dir='ltr'><strong>assectator,</strong></span> 
     </span>
     <span class='ocr_line' id='line_1_31' title="bbox 201 3449 1204 3525; baseline 0.001 -23"><span class='ocrx_word' id='word_1_237' title='bbox 201 3449 382 3525; x_wconf 63' lang='lat' dir='ltr'><strong>pedisequum</strong></span> <span class='ocrx_word' id='word_1_238' title='bbox 402 3456 511 3517; x_wconf 84' lang='lat' dir='ltr'><strong>tocius,</strong></span> <span class='ocrx_word' id='word_1_239' title='bbox 530 3454 675 3520; x_wconf 83' lang='lat' dir='ltr'><strong>minister,</strong></span> <span class='ocrx_word' id='word_1_240' title='bbox 702 3451 880 3515; x_wconf 76' lang='lat' dir='ltr'><strong>administer,</strong></span> <span class='ocrx_word' id='word_1_241' title='bbox 899 3452 1075 3514; x_wconf 80' lang='lat' dir='ltr'><strong>emissarius,</strong></span> <span class='ocrx_word' id='word_1_242' title='bbox 1096 3449 1204 3504; x_wconf 84' lang='lat' dir='ltr'><strong>oanis.”</strong></span> 
     </span>
     <span class='ocr_line' id='line_1_32' title="bbox 204 3524 1206 3598; baseline -0.004 -18"><span class='ocrx_word' id='word_1_243' title='bbox 204 3555 237 3568; x_wconf 91' lang='lat'>—</span> <span class='ocrx_word' id='word_1_244' title='bbox 249 3525 329 3580; x_wconf 86' lang='lat' dir='ltr'><strong>Unde</strong></span> <span class='ocrx_word' id='word_1_245' title='bbox 342 3541 403 3579; x_wconf 79' lang='lat' dir='ltr'><strong>orto</strong></span> <span class='ocrx_word' id='word_1_246' title='bbox 413 3541 456 3580; x_wconf 83' lang='lat' dir='ltr'><strong>ost</strong></span> <span class='ocrx_word' id='word_1_247' title='bbox 469 3524 668 3598; x_wconf 82' lang='lat' dir='ltr'><strong>vulgatalectio</strong></span> <span class='ocrx_word' id='word_1_248' title='bbox 677 3545 685 3582; x_wconf 75' lang='lat' dir='ltr'><strong>t</strong></span> <span class='ocrx_word' id='word_1_249' title='bbox 695 3528 1067 3582; x_wconf 74' lang='lat' dir='ltr'><strong>Nouruasnonmrnntorrtuns</strong></span> <span class='ocrx_word' id='word_1_250' title='bbox 1079 3527 1091 3578; x_wconf 83' lang='lat' dir='ltr'><strong>i</strong></span> <span class='ocrx_word' id='word_1_251' title='bbox 1102 3553 1137 3568; x_wconf 70' lang='grc' dir='ltr'><strong>ι·</strong></span> <span class='ocrx_word' id='word_1_252' title='bbox 1149 3527 1206 3580; x_wconf 87' lang='lat' dir='ltr'><strong>Cur</strong></span> 
     </span>
     <span class='ocr_line' id='line_1_33' title="bbox 202 3596 1206 3658; baseline -0.006 -4"><span class='ocrx_word' id='word_1_253' title='bbox 202 3599 354 3656; x_wconf 84' lang='lat' dir='ltr'><strong>reiicienda</strong></span> <span class='ocrx_word' id='word_1_254' title='bbox 383 3603 468 3656; x_wconf 85' lang='lat' dir='ltr'><strong>lectio</strong></span> <span class='ocrx_word' id='word_1_255' title='bbox 494 3601 574 3657; x_wconf 86' lang='lat' dir='ltr'><strong>librr.</strong></span> <span class='ocrx_word' id='word_1_256' title='bbox 601 3601 682 3658; x_wconf 80' lang='lat' dir='ltr'><strong>Fabri</strong></span> <span class='ocrx_word' id='word_1_257' title='bbox 712 3618 740 3655; x_wconf 86' lang='lat' dir='ltr'><strong>et</strong></span> <span class='ocrx_word' id='word_1_258' title='bbox 771 3596 928 3654; x_wconf 76' lang='lat' dir='ltr'><strong>Brioonetii</strong></span> <span class='ocrx_word' id='word_1_259' title='bbox 947 3627 986 3644; x_wconf 86' lang='lat'><em>-</em></span> <span class='ocrx_word' id='word_1_260' title='bbox 1004 3599 1206 3652; x_wconf 77' lang='lat' dir='ltr'><strong>dominationis</strong></span> 
     </span>
     <span class='ocr_line' id='line_1_34' title="bbox 202 3674 1205 3749; baseline -0.005 -21"><span class='ocrx_word' id='word_1_261' title='bbox 202 3693 270 3734; x_wconf 73' lang='lat' dir='ltr'><strong>suae</strong></span> <span class='ocrx_word' id='word_1_262' title='bbox 287 3682 317 3730; x_wconf 78' lang='lat' dir='ltr'><strong>in</strong></span> <span class='ocrx_word' id='word_1_263' title='bbox 326 3692 379 3728; x_wconf 78' lang='lat' dir='ltr'><strong>vos</strong></span> <span class='ocrx_word' id='word_1_264' title='bbox 389 3677 450 3727; x_wconf 81' lang='lat'><strong>?-·</strong></span> <span class='ocrx_word' id='word_1_265' title='bbox 464 3677 629 3749; x_wconf 82' lang='lat' dir='ltr'><strong>utrumque?</strong></span> <span class='ocrx_word' id='word_1_266' title='bbox 641 3707 672 3720; x_wconf 92' lang='grc'>-</span> <span class='ocrx_word' id='word_1_267' title='bbox 692 3675 767 3748; x_wconf 87' lang='lat' dir='ltr'><strong>Quid</strong></span> <span class='ocrx_word' id='word_1_268' title='bbox 778 3682 893 3730; x_wconf 76' lang='lat' dir='ltr'><strong>intereat</strong></span> <span class='ocrx_word' id='word_1_269' title='bbox 904 3679 976 3728; x_wconf 82' lang='lat' dir='ltr'><strong>inter</strong></span> <span class='ocrx_word' id='word_1_270' title='bbox 986 3674 1104 3729; x_wconf 81' lang='lat' dir='ltr'><strong>liherici</strong></span> <span class='ocrx_word' id='word_1_271' title='bbox 1120 3675 1205 3727; x_wconf 77' lang='lat' dir='ltr'><strong>libere</strong></span> 
     </span>
     <span class='ocr_line' id='line_1_35' title="bbox 203 3749 1205 3825; baseline -0.001 -21"><span class='ocrx_word' id='word_1_272' title='bbox 203 3753 306 3824; x_wconf 76' lang='lat' dir='ltr'><strong>ogere?</strong></span> <span class='ocrx_word' id='word_1_273' title='bbox 333 3750 491 3806; x_wconf 80' lang='lat' dir='ltr'><strong>Pseudoeal.</strong></span> <span class='ocrx_word' id='word_1_274' title='bbox 513 3751 547 3806; x_wconf 89' lang='lat' dir='ltr'><strong>ad</strong></span> <span class='ocrx_word' id='word_1_275' title='bbox 573 3753 713 3819; x_wconf 60' lang='lat' dir='ltr'><strong>Caeni,</strong></span> <span class='ocrx_word' id='word_1_276' title='bbox 743 3756 770 3812; x_wconf 84' lang='grc'><strong>5.</strong></span> <span class='ocrx_word' id='word_1_277' title='bbox 793 3750 887 3825; x_wconf 79' lang='lat' dir='ltr'><strong>plebes</strong></span> <span class='ocrx_word' id='word_1_278' title='bbox 902 3768 935 3802; x_wconf 80' lang='lat' dir='ltr'><strong>eo</strong></span> <span class='ocrx_word' id='word_1_279' title='bbox 957 3749 1042 3803; x_wconf 78' lang='lat' dir='ltr'><strong>libere</strong></span> <span class='ocrx_word' id='word_1_280' title='bbox 1061 3749 1205 3820; x_wconf 76' lang='lat' dir='ltr'><strong>agitabat.</strong></span> 
     </span>
     <span class='ocr_line' id='line_1_36' title="bbox 204 3826 791 3904; baseline 0.009 -26"><span class='ocrx_word' id='word_1_281' title='bbox 204 3827 303 3900; x_wconf 79' lang='lat' dir='ltr'><strong>(libere</strong></span> <span class='ocrx_word' id='word_1_282' title='bbox 318 3826 378 3882; x_wconf 84' lang='lat' dir='ltr'><strong>soil.</strong></span> <span class='ocrx_word' id='word_1_283' title='bbox 399 3828 427 3883; x_wconf 90' lang='lat' dir='ltr'><strong>h.</strong></span> <span class='ocrx_word' id='word_1_284' title='bbox 450 3827 469 3881; x_wconf 93' lang='lat' dir='ltr'><strong>l.</strong></span> <span class='ocrx_word' id='word_1_285' title='bbox 490 3827 588 3880; x_wconf 83' lang='lat' dir='ltr'><strong>Carrio</strong></span> <span class='ocrx_word' id='word_1_286' title='bbox 608 3843 635 3883; x_wconf 84' lang='lat' dir='ltr'><strong>ot</strong></span> <span class='ocrx_word' id='word_1_287' title='bbox 655 3827 791 3904; x_wconf 78' lang='lat' dir='ltr'><strong>Cottius.)</strong></span> 
     </span>
    </p>

    <p class='ocr_par' dir='ltr' id='par_1_7' title="bbox 172 3899 1208 4280">
     <span class='ocr_line' id='line_1_37' title="bbox 172 3899 1207 3975; baseline -0.003 -21"><span class='ocrx_word' id='word_1_288' title='bbox 172 3907 177 3910; x_wconf 85' lang='grc'><em>“</em></span> <span class='ocrx_word' id='word_1_289' title='bbox 260 3905 287 3971; x_wconf 69' lang='grc' dir='ltr'><strong>ς.</strong></span> <span class='ocrx_word' id='word_1_290' title='bbox 306 3907 334 3962; x_wconf 78' lang='grc'><strong>5.</strong></span> <span class='ocrx_word' id='word_1_291' title='bbox 354 3920 373 3954; x_wconf 87' lang='lat' dir='ltr'><strong>a</strong></span> <span class='ocrx_word' id='word_1_292' title='bbox 392 3901 752 3975; x_wconf 57' lang='lat' dir='ltr'><strong>Pyrrum-defensum?</strong></span> <span class='ocrx_word' id='word_1_293' title='bbox 771 3933 807 3948; x_wconf 91' lang='lat'>-</span> <span class='ocrx_word' id='word_1_294' title='bbox 831 3904 961 3972; x_wconf 73' lang='lat' dir='ltr'><strong>scaevam]</strong></span> <span class='ocrx_word' id='word_1_295' title='bbox 989 3899 1077 3956; x_wconf 86' lang='lat' dir='ltr'><strong>Codd.</strong></span> <span class='ocrx_word' id='word_1_296' title='bbox 1098 3902 1207 3954; x_wconf 85' lang='lat' dir='ltr'><strong>Vatioo.</strong></span> 
     </span>
     <span class='ocr_line' id='line_1_38' title="bbox 204 3971 1206 4051; baseline -0.005 -20"><span class='ocrx_word' id='word_1_297' title='bbox 204 3991 254 4031; x_wconf 80' lang='lat' dir='ltr'><strong>cnr</strong></span> <span class='ocrx_word' id='word_1_298' title='bbox 277 3975 484 4051; x_wconf 82' lang='lat' dir='ltr'><strong>praeferendum</strong></span> <span class='ocrx_word' id='word_1_299' title='bbox 504 3979 593 4042; x_wconf 75' lang='lat' dir='ltr'><strong>alteri,</strong></span> <span class='ocrx_word' id='word_1_300' title='bbox 606 3979 672 4034; x_wconf 87' lang='lat' dir='ltr'><strong>leot.</strong></span> <span class='ocrx_word' id='word_1_301' title='bbox 690 3980 815 4033; x_wconf 76' lang='lat' dir='ltr'><strong>aarum?</strong></span> <span class='ocrx_word' id='word_1_302' title='bbox 835 4005 870 4022; x_wconf 90' lang='grc'><strong>-</strong></span> <span class='ocrx_word' id='word_1_303' title='bbox 890 3981 946 4035; x_wconf 88' lang='lat' dir='ltr'><strong>Cur</strong></span> <span class='ocrx_word' id='word_1_304' title='bbox 966 3977 1108 4030; x_wconf 82' lang='lat' dir='ltr'><strong>consulum</strong></span> <span class='ocrx_word' id='word_1_305' title='bbox 1136 3971 1206 4048; x_wconf 77' lang='lat' dir='ltr'><strong>(Va-</strong></span> 
     </span>
     <span class='ocr_line' id='line_1_39' title="bbox 204 4052 1205 4126; baseline -0.008 -18"><span class='ocrx_word' id='word_1_306' title='bbox 204 4057 285 4121; x_wconf 81' lang='lat' dir='ltr'><strong>tino.)</strong></span> <span class='ocrx_word' id='word_1_307' title='bbox 304 4070 363 4106; x_wconf 88' lang='lat' dir='ltr'><strong>non</strong></span> <span class='ocrx_word' id='word_1_308' title='bbox 381 4053 522 4108; x_wconf 77' lang='lat' dir='ltr'><strong>consulis?</strong></span> <span class='ocrx_word' id='word_1_309' title='bbox 541 4085 580 4100; x_wconf 91' lang='lat'><em>-</em></span> <span class='ocrx_word' id='word_1_310' title='bbox 607 4056 665 4110; x_wconf 82' lang='lat' dir='ltr'><strong>Cur</strong></span> <span class='ocrx_word' id='word_1_311' title='bbox 684 4053 752 4108; x_wconf 74' lang='lat' dir='ltr'><strong>iales</strong></span> <span class='ocrx_word' id='word_1_312' title='bbox 775 4055 888 4110; x_wconf 79' lang='lat' dir='ltr'><strong>Douaae</strong></span> <span class='ocrx_word' id='word_1_313' title='bbox 910 4055 1048 4126; x_wconf 75' lang='lat' dir='ltr'><strong>suspicio:</strong></span> <span class='ocrx_word' id='word_1_314' title='bbox 1065 4052 1205 4124; x_wconf 77' lang='lat' dir='ltr'><strong>plerisque</strong></span> 
     </span>
     <span class='ocr_line' id='line_1_40' title="bbox 205 4123 1208 4202; baseline -0.003 -22"><span class='ocrx_word' id='word_1_315' title='bbox 205 4159 224 4172; x_wconf 91' lang='lat'><em>-</em></span> <span class='ocrx_word' id='word_1_316' title='bbox 242 4158 262 4170; x_wconf 94' lang='lat'>-</span> <span class='ocrx_word' id='word_1_317' title='bbox 281 4132 422 4183; x_wconf 71' lang='lat' dir='ltr'><strong>vernensi</strong></span> <span class='ocrx_word' id='word_1_318' title='bbox 441 4157 478 4174; x_wconf 90' lang='lat'><em>-</em></span> <span class='ocrx_word' id='word_1_319' title='bbox 495 4132 552 4186; x_wconf 87' lang='lat' dir='ltr'><strong>Cur</strong></span> <span class='ocrx_word' id='word_1_320' title='bbox 563 4132 659 4186; x_wconf 85' lang='lat' dir='ltr'><strong>locum</strong></span> <span class='ocrx_word' id='word_1_321' title='bbox 672 4147 728 4184; x_wconf 88' lang='lat' dir='ltr'><strong>non</strong></span> <span class='ocrx_word' id='word_1_322' title='bbox 746 4129 830 4186; x_wconf 83' lang='lat' dir='ltr'><strong>habet</strong></span> <span class='ocrx_word' id='word_1_323' title='bbox 845 4127 945 4200; x_wconf 78' lang='lat' dir='ltr'><strong>surii?</strong></span> <span class='ocrx_word' id='word_1_324' title='bbox 963 4142 994 4184; x_wconf 88' lang='lat' dir='ltr'><strong>ut</strong></span> <span class='ocrx_word' id='word_1_325' title='bbox 1008 4130 1112 4202; x_wconf 80' lang='lat' dir='ltr'><strong>primur</strong></span> <span class='ocrx_word' id='word_1_326' title='bbox 1130 4123 1208 4180; x_wconf 85' lang='lat' dir='ltr'><strong>dedit</strong></span> 
     </span>
     <span class='ocr_line' id='line_1_41' title="bbox 204 4199 838 4280; baseline -0.003 -20"><span class='ocrx_word' id='word_1_327' title='bbox 204 4199 301 4260; x_wconf 72' lang='lat' dir='ltr'><strong>Aldus.</strong></span> <span class='ocrx_word' id='word_1_328' title='bbox 319 4229 357 4248; x_wconf 90' lang='lat'><strong>·-</strong></span> <span class='ocrx_word' id='word_1_329' title='bbox 375 4204 451 4262; x_wconf 81' lang='lat' dir='ltr'><strong>Num</strong></span> <span class='ocrx_word' id='word_1_330' title='bbox 471 4205 619 4280; x_wconf 70' lang='lat' dir='ltr'><strong>legendnm</strong></span> <span class='ocrx_word' id='word_1_331' title='bbox 637 4204 838 4262; x_wconf 76' lang='lat' dir='ltr'><strong>detera-amini?</strong></span> 
     </span>
    </p>
   </div>
   <div class='ocr_carea' id='block_1_5' title="bbox 0 0 1437 4928">
    <p class='ocr_par' dir='ltr' id='par_1_8' title="bbox 0 0 1437 4928">
     <span class='ocr_line' id='line_1_42' title="bbox 0 0 1437 4928; baseline 0 0"><span class='ocrx_word' id='word_1_332' title='bbox 0 0 1437 4928; x_wconf 95' lang='lat' dir='ltr'><strong> </strong></span> 
     </span>
    </p>
   </div>
  </div>
 </body>
</html>
