2848 4928
219 445 241 507 l

218 594 251 648 et
274 580 437 678 inprimis
459 603 500 646 ex
521 580 638 644 Aldina
660 581 771 664 priore
792 583 859 663 (M.
881 583 927 648 D.
949 582 1030 666 IX.)
1051 580 1084 646 in
1108 555 1219 648 novis-

218 686 311 750 situas
330 706 460 772 quoque
483 683 564 747 mira
584 684 757 767 pertinacia
771 697 964 771 propagatas
978 685 1105 750 tandem
1120 707 1216 768 pror-

218 811 273 852 sus
294 789 423 865 sustuli,
445 799 621 869 praeeunte
641 809 683 850 ex
702 800 794 869 parte
816 789 1006 859 amicissimo
1028 787 1216 862 Gerlachio,

218 913 357 975 quocum
387 889 590 954 consociatus
622 891 791 974 aliquando
816 891 872 953 has
892 892 978 973 ipsas
1004 891 1156 977 reliquias
1186 903 1218 954 et

217 991 473 1070 Pseudosalustii
503 994 543 1055 ad
569 990 611 1056 C.
643 991 812 1058 Caesarem
839 993 990 1075 epistolas
1018 995 1115 1076 pleno
1146 1015 1219 1058 cum

218 1107 374 1178 apparatu
395 1095 509 1159 critico
531 1095 672 1159 editurus
699 1117 780 1160 snm.
836 1097 910 1177 Quo
932 1095 963 1159 in
983 1095 1121 1160 consilio
1141 1117 1219 1178 per-

217 1200 381 1282 sequendo
417 1197 618 1263 confirmavit
653 1220 703 1262 nic
734 1199 916 1281 nuperrima
948 1197 1064 1262 Weisii
1100 1198 1215 1275 editio,

216 1300 303 1364 ultra
332 1322 425 1386 quam
447 1300 599 1364 credibile
621 1313 687 1379 cst,
723 1305 874 1364 mendosa
897 1324 934 1365 ac
954 1322 1055 1384 pacue
1081 1299 1219 1364 dixerim

217 1403 337 1468 fatuas
363 1403 492 1484 Quanto
522 1403 633 1467 melius
664 1404 692 1466 is
720 1402 868 1481 lecisset,
906 1404 934 1467 si
962 1404 1014 1468 vel
1037 1402 1143 1468 Cortii
1163 1403 1218 1468 vel

217 1505 383 1568 Gerlachii
415 1505 544 1572 ἔκδοσιν
582 1504 768 1588 simpliciter
809 1506 1014 1590 repetendam
1054 1509 1217 1570 curasset!

215 1609 313 1674 Nunc
337 1629 417 1672 vcro
444 1607 567 1692 ingenti
594 1629 741 1674 errorum
777 1605 930 1693 cuiusque
963 1607 1089 1692 generis
1122 1621 1218 1692 atque

215 1709 499 1794 interpolationem
536 1732 669 1775 numero
708 1713 842 1774 reducto
859 1712 910 1790 l),
950 1709 1216 1788 adolescentulis,

217 1812 332 1897 quibus
354 1834 463 1876 curam
485 1835 504 1876 a
526 1833 560 1876 sc
583 1814 778 1878 elaboratam
801 1812 987 1888 destinavit,
1018 1813 1132 1876 misere
1157 1813 1217 1876 im-

215 1915 344 1999 posuit,
368 1913 457 1977 viros
480 1915 594 1978 doctos
614 1935 769 1997 perquam
782 1913 915 2002 ridicule
933 1914 1111 1978 ludificatus
1134 1925 1195 1978 est.

280 2054 496 2135 Quaecunque
526 2063 630 2114 autem
650 2052 682 2116 iu
705 2051 863 2116 Cortiaua
883 2051 1021 2118 lectione
1042 2051 1217 2119 reformavi

216 2159 357 2238 (centum
390 2153 519 2217 circiter
544 2155 610 2218 loci
639 2157 748 2236 sunta)
771 2154 830 2218 nisi
860 2155 913 2219 ubi
942 2175 960 2218 e
981 2155 1164 2220 coniectura
1184 2157 1218 2220 id

215 2257 333 2322 lactum
352 2277 421 2322 esse
444 2269 590 2348 notatum
608 2270 678 2335 est,
703 2279 740 2322 ca
762 2279 779 2322 e
803 2256 978 2322 Codicihus
1000 2258 1164 2323 Vaticanis
1186 2271 1219 2324 et

215 2361 400 2444 Pomponio
416 2363 522 2424 Laeto
536 2363 648 2422 hausta
662 2381 731 2424 esse
745 2360 840 2424 scito.
865 2359 1104 2444 subiunguntur
1119 2383 1218 2446 quae·

215 2462 336 2527 stiones'
358 2475 390 2526 et
417 2461 641 2547 grammaticae
670 2473 703 2526 et
731 2462 881 2539 criticae,
912 2465 951 2526 ad
979 2465 1116 2526 acuenda
1139 2467 1218 2528 ado-

216 2566 464 2630 lescentulorum
486 2564 614 2650 ingenia
642 2565 789 2629 idoneae.
843 2565 882 2628 Iu
904 2565 966 2628 line
988 2577 1091 2628 autem
1114 2567 1217 2631 addidi

215 2668 357 2744 scholia,
394 2668 455 2732 alia
487 2667 631 2732 historici
653 2667 829 2752 argumenti
852 2661 951 2752 eaqu'e
974 2689 1117 2752 maguam
1139 2691 1215 2752 par-

214 2783 278 2834 tem
302 2792 343 2833 cx
365 2770 458 2834 amici
480 2771 709 2834 commentario
730 2769 888 2853 repetita,
921 2770 983 2833 alia
1003 2770 1082 2835 locis
1105 2772 1215 2836 diffici-

215 2873 350 2937 lioribus
371 2871 616 2952 interpretandis
639 2872 894 2958 vindicandisque
916 2872 1105 2939 lectionibus
1128 2895 1215 2939 ame

215 2974 353 3058 receptis
376 2974 541 3038 destinata.

279 3116 355 3199 Ego
380 3135 459 3178 vero
480 3113 525 3178 ita
546 3115 611 3180 hoc
633 3115 790 3198 opusculo
812 3116 859 3181 uti
880 3113 1027 3193 decrevi,
1062 3121 1158 3183 modo
1180 3129 1216 3182 ut

211 3217 246 3284 in
275 3216 393 3280 scholis
421 3216 557 3300 publicis
590 3221 794 3302 expositurus
815 3219 890 3296 sim,
922 3222 1018 3284 modo
1040 3220 1213 3302 discipulos

215 3319 344 3404 longius
367 3319 482 3382 ceteris
504 3333 679 3402 provectos
709 3324 767 3385 has
789 3323 920 3406 eclogas
943 3335 1087 3400 accurate
1108 3325 1215 3407 perle-
1307 3311 1310 3316 ¹
1339 3345 1343 3353 ’

217 3442 295 3506 gere
316 3421 460 3498 iubeam,
495 3421 565 3486 deiu
587 3424 672 3488 domi
694 3446 782 3488 meae
804 3425 973 3507 experiar,
1011 3445 1103 3508 quam
1126 3440 1214 3492 recte

115 3557 119 3568 ι
216 3543 360 3610 quaeque
388 3525 620 3602 intellexerint,
658 3548 752 3611 quarn
774 3527 851 3590 scite
874 3525 967 3589 dubia
988 3526 1020 3590 iu
1043 3529 1214 3609 Qataestio·

214 3625 306 3689 nibus
328 3627 495 3709 proposita
518 3649 576 3694 uec
597 3627 701 3693 soluta
723 3629 874 3712 expedire
896 3630 947 3692 vel
969 3629 1030 3714 ipsi
1046 3633 1097 3695 vel
1117 3632 1213 3696 scho-

214 3727 330 3792 liorum
353 3749 416 3811 ope
439 3731 616 3812 potuerint,
656 3732 842 3816 ecquidem
864 3731 1023 3809 consilio,
1051 3745 1086 3797 ut
1107 3733 1214 3796 huius·

133 3896 139 3911 ,
214 3830 336 3910 cemodi
365 3831 498 3913 inceptis
525 3831 646 3897 incitati
681 3845 773 3921 atque
803 3835 967 3921 exercitati
994 3836 1141 3918 deinceps
1170 3838 1214 3904 ,ed

212 3933 334 3998 maiora
356 3932 449 3996 etiarn
472 3934 710 4022 difficilioraqne
731 3937 829 4004 alacri
851 3938 955 4004 auimo
977 3949 1125 4022 pergent.

985 4095 1207 4112 ψ

263 4183 289 4245 ⁸)
308 4188 468 4248 quinquagies·
487 4193 524 4236 ter
541 4189 662 4238 Gerlachil
686 4183 806 4245 ἔκδοσιν
829 4196 914 4241 uarum
939 4193 1076 4252 eclogarum
1094 4196 1115 4241 ie
1135 4197 1212 4241 denne

213 4276 336 4332 arrepsit,
362 4278 524 4334 quaterdecies
542 4281 684 4328 emendetit.
