2848 4928
1066 442 1105 504 41

113 592 170 639 trem
182 581 297 657 fiducia
315 581 355 634 ad
371 579 422 634 iaec
440 579 539 643 bellitur
557 592 612 632 nost
631 577 823 652 proconsule,
842 579 892 632 sed
909 595 959 655 pro
978 579 1106 651 constru-

111 659 161 712 bue
181 659 269 712 lloma
287 663 415 710 misisset.
429 657 544 712 Orosius
566 661 601 723 5,
619 659 665 714 25.
685 648 715 729 pi
731 661 794 718 556.
814 657 880 709 Hau.
899 685 937 698 -
957 657 986 710 i..
1008 660 1106 732 Appu-

110 733 183 787 leius
209 734 373 788 Saturninus
393 731 471 784 Trib.
492 731 528 804 pl.
547 730 770 798 ,seditiosorum
796 747 859 804 post
881 731 1024 789 Gracchos
1042 734 1106 784 elo-

110 809 332 881 quentissimue’'
360 805 434 881 (Cic.
458 808 534 860 Brut.
558 804 618 879 62.)
645 823 726 877 quern
756 807 787 860 C.
812 805 938 860 Rabirius
965 805 1105 880 (defensus

109 898 256 959 propterea
276 899 291 935 a
310 884 444 938 Cicerone
464 879 576 934 contule
596 896 620 933 e.
634 899 661 935 u.
675 897 701 938 c.
720 884 798 948 691.)
818 897 860 933 res
881 897 963 934 uotae
984 883 1107 934 molien-

109 975 166 1014 tem
187 955 328 1012 interfecit
356 973 381 1011 a.
403 975 429 1010 u.
450 971 474 1009 c.
494 958 559 1014 654.
588 983 623 997 -
661 958 691 1009 P.
712 953 850 1028 Sulpicius
870 953 953 1009 Rufus
971 957 1049 1013 Trib.
1069 956 1107 1030 pl.

109 1049 134 1089 a.
155 1052 183 1098 u.
203 1033 310 1092 c.666.
339 1027 491 1107 «grundis,
516 1042 543 1082 et
569 1043 599 1082 ut
624 1029 793 1098 indicam,
826 1032 1105 1102 tragicusporatorss’
1202 1067 1205 1074 -

110 1109 184 1181 (Cic.
204 1108 283 1161 Brut.
304 1107 335 1161 C.
355 1109 414 1170 55.)
433 1105 585 1158 illustratus
602 1109 779 1159 accusatione
793 1106 824 1158 C.
837 1105 980 1171 Norbani,
1001 1121 1016 1158 a
1033 1106 1107 1159 Sulla

110 1189 226 1237 eiectus.
247 1211 283 1224 —
311 1183 378 1248 α(1..
399 1177 508 1253 lunius)
527 1179 710 1253 Damasippus
730 1197 839 1253 praetor
859 1182 1015 1234 Domitium
1035 1197 1109 1234 cou—
1179 1209 1185 1226 ι

110 1261 231 1313 sulutem
258 1253 418 1310 Scaevolam
443 1255 587 1320 Mucium,
622 1254 779 1327 pontificem
806 1261 957 1309 marimum
977 1273 1003 1310 et
1022 1255 1108 1310 divini

61 1369 64 1374 -
108 1334 280 1404 humanique
308 1335 375 1384 iuris
406 1345 548 1383 auctorem
579 1330 789 1384 celeberrimum
816 1346 842 1384 et
870 1331 902 1385 C.
929 1330 1108 1399 Carbonem,

108 1412 301 1482 praetorium,
327 1420 355 1460 et
374 1406 544 1470 Antistium,
577 1403 752 1472 aedilicium,
784 1405 855 1459 velut
874 1404 996 1460 faventes
1017 1406 1108 1460 Sullae

108 1481 236 1558 partibus
265 1486 295 1534 iu
320 1485 398 1534 curia
424 1479 543 1538 Hostilia
567 1479 750 1536 trucidavit.’¹
770 1485 810 1549 (a.
831 1497 859 1534 u.
879 1497 905 1535 c.
923 1485 1001 1548 672.)
1039 1481 1110 1534 Vel-

19 1561 21 1622 Ῐ
108 1559 180 1614 leiue
201 1563 238 1622 2,
257 1558 302 1616 26·

166 1634 192 1700 ᾗ,
220 1634 248 1689 6.
279 1631 433 1702 Hispaniae
467 1633 555 1681 armis
581 1627 737 1700 sollicitae]
775 1645 889 1712 propter
918 1631 1109 1688 Sertorianum

109 1706 228 1762 bellum.
464 1718 468 1724 '

167 1783 193 1850 ς.
212 1785 239 1838 7.
267 1783 394 1832 exercita
421 1797 520 1832 rursus
548 1778 673 1848 admoto]
702 1777 769 1836 Scil.
797 1777 917 1853 Lepidus
944 1783 998 1834 iam
1017 1785 1110 1858 priore

113 1857 188 1915 uun'o
208 1859 363 1910 exercitum
382 1870 478 1909 contra
498 1855 603 1910 Urbem
623 1853 746 1908 duxerat.
785 1855 928 1913 Gratata.

166 1933 191 2000 §.
211 1939 237 1990 8.
257 1929 354 2002 Lepidi
381 1931 529 1998 mandata]
558 1930 672 1984 Scilicet
692 1927 811 2002 Lepidus
834 1929 907 1982 haud
927 1929 1011 1984 dubie
1029 1930 1111 2004 lega-

109 2023 154 2061 toe
177 2009 293 2059 Romam
313 2009 440 2073 miserat,
468 2010 514 2078 qui
534 2009 610 2077 pacis
630 2005 808 2058 condiciones
827 2009 935 2058 senatui
954 2007 1111 2078 populoque

110 2085 237 2136 Romano
266 2097 450 2154 proponerent
476 2096 503 2134 et
523 2080 556 2132 de
576 2079 681 2154 legibue
702 2080 837 2135 Corneliis
858 2080 1021 2153 abrogandie
1042 2099 1111 2154 age-

110 2173 183 2209 rent.
204 2157 349 2210 Gaaaactt.
376 2185 413 2198 -
440 2157 537 2227 quibus
556 2155 716 2225 ademptam
733 2159 833 2224 negat]
860 2157 1026 2209 perversitas
1053 2159 1111 2210 Lo..

109 2230 171 2306 pidi
193 2235 221 2283 in
241 2247 274 2282 eo
293 2213 432 2294 c'ernitur,
456 2227 528 2302 quod
546 2245 630 2283 novas
651 2229 745 2282 turbae
764 2234 884 2282 maxime
905 2249 952 2302 per
972 2233 1111 2285 Etruriam

110 2311 316 2369 concitaturus,
337 2303 365 2358 id
384 2320 399 2356 a
419 2304 521 2379 populo
541 2307 592 2359 llo.
611 2304 748 2377 postulat,
767 2321 797 2370 ut
817 2301 914 2358 civitat
934 2307 1112 2360 confirmetur

109 2385 271 2452 municipiis
301 2381 442 2447 Etruscis,
473 2377 571 2452 quibus
598 2379 724 2452 adempta
749 2395 806 2434 erat
827 2379 934 2452 legibue
953 2381 1108 2448 Corneliis,

110 2471 178 2529 quas
200 2471 291 2508 tamen
311 2459 382 2528 ipsae
395 2455 468 2527 leges
481 2452 640 2508 iamdudum
656 2471 728 2508 ratas
741 2473 798 2508 non
811 2455 944 2510 habuerat
955 2457 1016 2523 ille,
1028 2457 1112 2510 ideo-

110 2550 164 2604 que
185 2549 218 2582 ex
246 2535 342 2583 animi.
359 2531 416 2585 'eiua
443 2535 579 2584 sententia
605 2534 721 2584 minime
742 2547 810 2602 opus
830 2547 904 2594 erat,
936 2547 966 2584 ut
985 2535 1111 2587 Etruscis

111 2605 204 2659 denuo
230 2604 438 2658 confirmaretur
469 2610 589 2660 civitatis
608 2609 660 2658 ius.
699 2603 755 2658 Cir.
776 2603 1039 2662 Pseudociceronem
1058 2625 1111 2678 pro

109 2685 206 2736 Domo
226 2681 249 2745 ᾗ.
270 2682 315 2736 79.
352 2677 472 2748 Populus
492 2679 649 2743 Romanus,
668 2678 700 2732 L.
719 2678 800 2731 Stella
818 2678 959 2730 dictatore
970 2680 1108 2749 ferente,

110 2759 235 2808 comitiis
259 2759 426 2805 centuriatis
443 2758 599 2823 municipiis
617 2757 762 2805 civitatem
780 2752 906 2811 ademite
933 2754 1037 2807 ademit
1056 2761 1112 2807 iit-

111 2831 176 2882 dem
193 2845 301 2897 agros:
330 2827 363 2878 de
383 2834 465 2896 agris
484 2837 580 2880 ratum
599 2836 661 2888 est,·
684 2827 751 2898 fait
769 2833 842 2879 enim
858 2832 952 2899 populi
967 2840 1112 2900 potestate

111 2905 147 2957 de
174 2909 293 2956 ciuitate
322 2921 356 2956 tte
380 2903 487 2955 tamdiu
512 2901 620 2974 quidem
645 2905 754 2971 valttit,
786 2905 916 2975 quamdiu
934 2906 985 2957 illa
1003 2907 1112 2958 Sullani

112 2985 249 3054 temporis
267 2997 348 3030 arma
367 2979 518 3030 valuerunt
537 2993 592 3034 cet.
975 3005 977 3013 <

168 3057 195 3122 ᾗ.
214 3058 241 3112 9,
261 3059 341 3126 qrtasi
355 3058 477 3125 primam
496 3051 661 3123 reddideris]
688 3053 783 3124 Neque
803 3053 972 3108 sollemniter
990 3073 1020 3109 te
1040 3073 1113 3110 con-

112 3129 206 3185 sulatu
226 3128 398 3182 abdicaverat
419 3127 453 3203 (a.
474 3129 647 3184 consulatum
661 3133 828 3194 eiuraverat,
851 3131 1024 3203 deposuerat)
1039 3129 1114 3204 quod

112 3209 201 3258 morit
221 3219 392 3274 erat,atque
412 3208 495 3256 etiam
516 3220 593 3272 tum,
611 3204 697 3258 nullis
714 3204 874 3258 consulibus
894 3210 1009 3272 creatis,
1024 3205 1065 3259 iu'a
1085 3221 1113 3260 et

112 3295 278 3350 potestatem
298 3281 420 3332 contulit
434 3276 591 3350 usurpabat.
611 3280 754 3334 Gaaractt.
791 3281 870 3346 Fuit,
888 3275 972 3350 quum
991 3286 1114 3354 suspica-

113 3373 160 3408 rer
181 3368 243 3407 ante
256 3354 323 3409 litt.
350 3372 396 3424 pr.
420 3353 559 3408 excidisse
587 3351 618 3408 P.
638 3354 670 3406 it.
690 3359 710 3406 i.
730 3371 753 3408 e.
773 3359 853 3426 quasi
867 3357 970 3426 popula
988 3345 1134 3410 Itomana'

110 3435 235 3502 primum
254 3428 416 3484 reddideris.
455 3427 574 3482 Videant
595 3433 741 3482 acutiores.

133 3497 140 3510 ”
172 3505 196 3568 §.
217 3507 261 3558 10.
277 3502 423 3573 praesidia
441 3503 571 3574 deducta]
591 3508 707 3556 minime
732 3505 868 3576 significat
887 3505 1053 3572 distributa,
1082 3521 1114 3561 ut

113 3575 260 3632 ridebatur
279 3582 396 3644 (tortio,
419 3583 473 3630 etti
494 3584 638 3632 rectiorem
659 3577 919 3652 interpretationem
940 3585 998 3654 ipse
1018 3596 1114 3653 postea

114 3651 250 3706 indicavit
281 3653 323 3705 his
352 3652 459 3706 verbis:
498 3655 602 3726 ,Apud
622 3654 801 3721 Ciceronem,
834 3656 987 3722 lustinum,
1020 3653 1113 3721 alioe,'’
1185 3661 1187 3663 ’

114 3727 276 3802 (Caesarem
295 3731 414 3780 maxime
434 3743 463 3781 et
483 3730 603 3791 Livium3
624 3727 682 3787 eir.
701 3731 761 3789 Lib.
782 3734 833 3796 25,
855 3734 899 3787 25.
919 3732 1011 3802 ibique
1024 3749 1114 3784 erem·

115 3804 161 3876 pla
177 3820 191 3855 a
205 3803 435 3856 Drakenborcbio
454 3803 598 3870 collecta2)
618 3804 688 3856 valet
709 3802 843 3858 deducere
863 3824 896 3858 ex
914 3807 1037 3860 urbibus.
1051 3806 1112 3858 Ὀιι.

173 3881 262 3945 §.'11.
284 3876 365 3930 decus
384 3877 491 3930 ordinis
510 3878 589 3931 huius
607 3880 729 3953 interiit]
749 3881 800 3935 Cn.
815 3883 947 3936 Octavius
967 3879 1061 3934 consul
1072 3877 1111 3951 (a.
1194 3867 1215 3900 '¹

116 3970 143 4015 u.
175 3969 199 4006 c.
228 3953 304 4020 667.)
331 3953 364 4009 L.
390 3953 499 4008 Merula
526 3955 558 4009 P.
583 3955 643 4021 M„
674 3955 706 4009 C.
732 3970 760 4009 et
780 3957 810 4008 L.
831 3957 894 4010 iulii
914 3958 1061 4020 Caesares,
1080 3955 1113 4012 l..
1222 3957 1229 3962 “

116 4027 232 4082 Crassus
261 4043 288 4082 et
315 4029 357 4083 M.
389 4032 542 4097 Antonius,
572 4045 695 4084 oratores
727 4031 905 4085 nobilissimi.
933 4029 988 4084 Cir.
1008 4028 1112 4084 Gerla-
1180 4059 1184 4066 ,

115 4102 221 4156 chium.
239 4104 343 4156 Mirum
370 4120 418 4176 per
444 4103 598 4183 ἀβλεψίαν
623 4105 723 4162 Weiss
745 4105 852 4162 reduxit
871 4103 1112 4178 interpolationem

116 4173 190 4228 edd.
208 4192 288 4232 vett:
307 4179 391 4232 deeras
410 4187 491 4250 atqtee
504 4178 617 4231 ordines
632 4197 725 4233 omnes
738 4187 913 4236 interierant.
929 4207 959 4220 -
982 4178 1111 4248 Cethegi]

117 4249 153 4326 Β.
174 4250 324 4326 Cethegus,
353 4265 449 4328 postea
475 4269 585 4332 praeter
611 4271 635 4309 a.
655 4273 682 4322 u.
702 4274 728 4316 c·
747 4260 812 4323 uto.
848 4257 946 4313 Cicero
978 4255 1110 4313 Parador.
