2848 4928
301 401 341 467 ai

301 551 398 612 quam,
430 549 493 590 ante
511 535 692 590 Gerlachiutn
710 540 733 590 si
745 609 747 612 Ι
761 539 941 599 innotuisset¹
970 531 1085 588 fortasse
1104 539 1164 608 ipsa
1183 549 1307 606 qnoque

301 611 457 666 defensores
483 619 564 665 nacta
584 627 665 680 esset.
715 611 856 664 Dixisssnt
882 610 990 668 scilicet
1009 626 1145 664 summam
1163 627 1216 684 per
1239 610 1307 663 ele-

293 692 481 836 qqqpliiqmoq
491 706 534 741 vv.
559 685 747 739 disserendum
759 685 826 758 sitit
846 683 1026 759 supplendum
1045 691 1104 800 etta
1125 673 1308 758 dicendique

355 877 379 942 i.
400 879 426 934 5.
455 892 506 943 per
532 875 654 926 militare
683 873 795 944 nomeu]
826 874 910 926 Recte
940 871 1066 925 Cottius:
1098 891 1171 946 “per
1189 891 1306 929 nomen

299 949 418 1004 militiae
426 947 453 1014 ”‚
472 945 501 1000 id
520 966 582 1014 est,
602 945 675 1020 quod
692 947 795 1000 bellum
809 946 862 1000 sibi
882 961 980 1001 contra
999 947 1091 1002 hostes
1106 953 1144 1000 rei
1164 950 1305 1023 publicae

299 1023 448 1099 gerendum
468 1039 526 1078 esse
546 1028 650 1078 dicunt.
697 1023 776 1076 Falso
795 1023 939 1080 Wassius:
966 1027 1030 1094 quia
1050 1021 1306 1098 dicunturtimpea

299 1117 414 1154 ratores.
435 1096 485 1160 cir.
525 1099 669 1171 Iugurthae
689 1099 721 1152 C.
741 1099 787 1154 tt.
802 1116 955 1169 paratorum
975 1098 1094 1150 arbitrio
1113 1099 1178 1150 belli
1197 1099 1303 1152 domi...

300 1195 349 1248 que
368 1169 525 1243 agebaturs
544 1193 630 1245 penes
649 1173 756 1226 eosdem
776 1179 917 1226 aerarium
940 1178 1106 1244 provinciae
1130 1180 1302 1244 magistra-

301 1260 361 1313 tus,
383 1251 492 1318 gloriae
511 1249 692 1320 triumphique
712 1256 814 1310 erant;
841 1249 965 1319 populus
977 1249 1079 1300 militia
1097 1257 1178 1319 atqrte
1197 1255 1304 1322 inopia

299 1323 454 1394 urgebatur
464 1343 474 1384 ,-
502 1325 626 1395 praedas
646 1325 757 1374 bellicas
775 1329 959 1394 imperatores
976 1340 1040 1373 cum
1052 1329 1151 1393 parteis
1170 1325 1302 1396 diripie-

299 1402 377 1452 bant.
397 1401 540 1452 Granicus
567 1428 604 1441 -
640 1398 775 1450 vobismet
793 1401 872 1468 ipsis]
893 1399 991 1450 Tutius
1011 1397 1153 1451 videbatur
1172 1406 1302 1453 retinere

300 1473 386 1528 Codd.
405 1473 568 1540 lectionem,
589 1491 672 1546 quam
690 1489 753 1526 cum
772 1472 841 1526 Edd.
861 1473 996 1544 plerisque
1015 1474 1136 1538 scribere
1154 1474 1303 1528 vobismet

298 1555 352 1621 ipsi
357 1571 368 1610 ,·
388 1553 439 1608 etsi
459 1553 488 1600 in
506 1551 560 1616 hoc
579 1553 669 1602 acrior
688 1554 772 1601 etiam
793 1549 967 1620 reprehensio
981 1551 1061 1602 inest.
1099 1549 1200 1600 Verum
1215 1549 1301 1604 diiu-

298 1625 391 1678 dicatu
405 1623 599 1676 difficillimum
612 1639 666 1690 cst,
682 1635 774 1676 utrum
793 1623 912 1677 librariis
932 1621 1062 1676 debeatur
1080 1627 1159 1694 ipsis,
1181 1641 1217 1677 an
1240 1625 1300 1678 Sa-

297 1699 396 1754 lustius
417 1705 493 1772 ipse,
513 1715 543 1753 ut
562 1699 653 1752 videre
673 1703 743 1751 milti
760 1698 868 1764 videor,
890 1697 1010 1750 dativum
1031 1699 1059 1754 h.
1080 1700 1101 1751 1.
1122 1701 1300 1769 praetulerit,

297 1775 396 1828 melius
421 1779 515 1844 utique
541 1779 748 1827 convenientem
772 1774 899 1826 'membro
923 1777 1069 1826 interiecto
1089 1778 1132 1824 uti
1146 1776 1301 1845 praesides

206 1883 208 1896 .
298 1851 372 1903 olim.
400 1849 452 1902 On.
480 1879 517 1891 -
548 1849 586 1898 ad
612 1865 665 1900 vos
688 1848 825 1920 plerique]
845 1847 935 1902 Facile
955 1867 987 1900 ex
1010 1846 1113 1900 aoristo
1133 1861 1299 1902 concessere

298 1925 409 1977 elicitur
429 1924 455 1975 h.
475 1922 494 1975 l.
514 1921 636 1975 futurum
655 1923 819 1981 concedent,·
848 1939 900 1974 nec
928 1941 996 1994 opus
1022 1922 1187 1995 interpolato
1210 1926 1298 1976 redi*

298 1999 374 2050 birni.
413 1997 561 2066 Sequentia
593 2002 663 2049 mire
691 1997 845 2050 obscuravit
877 1997 1004 2062 Cottius,
1034 2003 1139 2070 primus
1168 2013 1195 2051 et
1216 2001 1297 2054 solus

298 2071 385 2147 (nulla
411 2079 484 2124 enim
504 2074 556 2126 hac
575 2077 604 2126 in
625 2091 653 2125 te
672 2073 817 2144 Pomponii
838 2073 917 2124 Laeti
943 2071 1034 2146 culpa)
1055 2079 1095 2126 sic
1115 2073 1242 2128 scribone
1264 2089 1297 2127 ac

298 2149 484 2218 distinguens:
511 2177 544 2190 --
571 2147 610 2199 ad
628 2165 681 2200 vos
695 2149 834 2219 plerique:
866 2146 955 2222 (raris
974 2153 1045 2198 enim
1064 2153 1173 2200 animas
1191 2159 1239 2202 est
1259 2144 1299 2202 ad

298 2243 346 2290 ea,
366 2242 435 2296 qistze
451 2225 581 2296 placent,
602 2223 809 2293 defendendas)
830 2232 923 2274 cetera
939 2223 1107 2276 validiorum
1120 2232 1194 2278 sunt.
1239 2225 1297 2280 On.

353 2338 377 2402 ᾗ.
397 2337 424 2391 lt.
456 2351 494 2386 an
518 2335 627 2386 dubium
653 2333 759 2386 habetis
783 2335 828 2404 ne]
848 2333 916 2388 Cdd.
936 2353 1011 2389 ntem.
1051 2334 1132 2404 Quod
1152 2351 1179 2390 et
1198 2341 1296 2408 ipsum

298 2411 529 2488 Curtiuspeiecit‚
547 2425 574 2462 et
589 2409 717 2460 dictitare
733 2427 766 2460 ne
786 2408 858 2472 idem
877 2409 979 2462 fereae
998 2415 1094 2462 timere
1114 2430 1148 2462 ne
1167 2417 1197 2464 in
1216 2428 1295 2470 con.-

297 2489 449 2538 structione
475 2503 534 2539 esse
560 2485 688 2556 exemplis
717 2501 815 2556 parum
840 2483 947 2538 idoneis
977 2485 1156 2556 comprobare
1175 2485 1295 2542 studuitt

298 2559 352 2614 Sed
380 2565 420 2613 vis
449 2565 587 2634 negativa,
620 2575 700 2632 quam
727 2557 801 2613 add:
818 2577 851 2610 ne
871 2575 981 2630 recepto
1001 2558 1107 2613 efficere
1127 2561 1295 2629 voluerunt,

297 2642 369 2690 inest
389 2641 419 2688 iu
439 2641 497 2709 ipsa
517 2639 747 2706 interrogatione;
777 2640 815 2686 ita
841 2649 947 2688 utnon
967 2652 1035 2706 opus
1055 2641 1091 2689 sit
1111 2654 1213 2690 novum
1232 2638 1294 2690 ali-

296 2712 369 2783 quod
388 2709 498 2764 diceudi
518 2728 602 2783 genus
622 2726 749 2765 statuere.
765 2709 906 2764 Gramen.
921 2739 957 2758 -η
970 2729 1005 2760 ne
1023 2727 1063 2764 est
1083 2709 1118 2762 ab
1130 2710 1201 2764 Aldo
1221 2729 1291 2774 avot

296 2792 339 2840 sic
377 2801 469 2838 autem
503 2789 645 2856 rescripsit
688 2801 799 2856 propter
839 2791 1042 2853 ignorationem
1078 2785 1291 2858 significationit

295 2875 371 2934 part·
385 2877 460 2914 num.
482 2860 534 2914 Oe.
554 2891 584 2901 -
606 2860 638 2912 C.
658 2861 756 2929 Cotta]
777 2859 879 2913 Consul
898 2875 924 2914 a.
943 2879 970 2917 u.
991 2878 1016 2914 c.
1035 2863 1099 2920 679.
1120 2877 1291 2934 repugnante

295 2933 442 2988 nobilitate
471 2934 557 3006 legem
589 2934 652 2986 tulit
681 2932 876 2999 tribuniciam,
905 2949 935 2988 ut
963 2940 1015 3002 iit,
1047 2941 1094 3007 qui
1119 2937 1224 2990 tribuni
1251 2937 1293 3009 pl.

294 3009 427 3074 fuissent,
455 3009 523 3061 alios
552 3025 658 3076 quoque
685 3013 859 3078 magistratus
888 3025 985 3082 capere
1004 3013 1111 3064 liceret.
1150 3011 1289 3077 “Nobiles

295 3088 479 3140 inimicissimi
501 3085 531 3138 C.
546 3085 644 3137 Cottae
664 3079 781 3148 fuerunt,
801 3082 874 3153 quod
894 3088 916 3138 is
937 3087 1033 3141 consul
1051 3086 1173 3158 paullum
1192 3087 1289 3140 tribu-

294 3167 339 3213 nis
360 3161 432 3233 plebi
452 3178 508 3212 nou
528 3162 688 3232 potestatis,
708 3157 755 3210 sed
774 3159 931 3230 diguitatis,
952 3159 1084 3214 addidit.¹’
1104 3165 1163 3216 Cic.
1181 3163 1289 3234 Fragmt

295 3235 404 3290 cornel.
433 3243 458 3292 1.
491 3237 525 3288 N.
557 3239 603 3292 25.
635 3253 661 3305 p.
689 3235 752 3294 431.
781 3234 831 3289 Ed.
858 3251 944 3289 ureae.
982 3235 1054 3289 lbid.
1073 3235 1109 3290 N.
1128 3243 1155 3295 8.
1174 3255 1201 3308 p.
1221 3237 1288 3294 4¹48.

195 3359 199 3369 ,
295 3313 434 3378 «Possum
455 3310 562 3373 dicere,
583 3310 722 3362 hominem
743 3325 846 3362 sutnma
864 3312 1009 3382 prudentia
1029 3310 1148 3377 clerum,
1169 3312 1200 3365 C.
1220 3315 1288 3384 Cot-s

293 3399 369 3450 tam,
388 3383 421 3436 de
447 3392 502 3438 suis
521 3383 625 3458 legibus
646 3383 809 3456 abnegandis
829 3391 917 3456 ipsum
938 3384 970 3436 ad
990 3402 1114 3439 senatum
1128 3385 1286 3440 retulisse.’'

293 3488 332 3501 —
350 3457 530 3528 exsectione
548 3459 639 3512 medio
657 3461 761 3526 constal]
784 3460 912 3525 «Cotta,
932 3478 962 3511 ce
982 3463 1077 3514 consul
1095 3467 1167 3512 sorti
1179 3461 1216 3512 du
1228 3467 1287 3512 mi-

294 3535 349 3588 lieu
368 3533 446 3584 disne
456 3533 577 3604 fection
596 3535 791 3606 tyrannique.''
831 3536 940 3587 Dureau
960 3533 991 3588 de
1012 3535 1131 3588 Lamalle
1152 3552 1217 3588 saue
1236 3553 1287 3588 re-

295 3614 382 3675 ctius,
401 3623 482 3677 quam
502 3611 544 3662 Dc
563 3613 690 3670 Bresses;
710 3611 736 3660 le
756 3603 860 3661 Consul
878 3611 977 3674 Cotta,
995 3616 1042 3680 qui
1059 3629 1088 3662 se
1107 3611 1197 3662 donne
1212 3627 1286 3680 pour

294 3683 361 3756 chef
378 3682 457 3735 d’une
477 3686 568 3754 aspice
587 3686 620 3736 de
639 3690 708 3736 tiers
723 3689 820 3756 porti,
849 3683 882 3736 ab
902 3703 987 3755 eoque
1007 3685 1135 3758 decepti,
1167 3685 1286 3741 Schlue-

294 3776 352 3814 ter:
390 3759 439 3810 der
459 3758 562 3810 Consul
584 3762 670 3812 Cotta
689 3777 726 3810 nn
745 3759 795 3810 der
813 3759 907 3828 Spitee
927 3767 1002 3812 einer
1021 3761 1127 3812 dritten
1145 3762 1284 3826 Faction‚

294 3851 323 3888 et
342 3833 429 3888 uetff:
462 3832 540 3888 War
566 3852 595 3886 es
628 3833 706 3886 nicht
724 3833 963 3900 irretirentur,
994 3835 1092 3887 melche
1112 3837 1164 3888 den
1183 3833 1286 3888 Consul

295 3911 326 3962 C.
347 3911 433 3962 Cotta
450 3907 562 3974 beutog,
585 3909 636 3960 deu
655 3909 796 3962 Tribunen
814 3914 905 3978 einige
924 3909 1024 3962 Rechts
1043 3911 1282 3980 ertrrtclreugeben‚

295 3983 354 4036 rand
369 4003 402 4036 so
419 3981 554 4036 zudsclzeu
571 3983 677 4055 heyden
695 3985 836 4055 Parteyen
855 3990 915 4036 eine
934 3986 1055 4038 mittiere
1074 4005 1108 4035 zu
1127 3986 1284 4036 tridenta-

296 4057 393 4112 Malim
413 4059 537 4130 equidem
559 4059 683 4112 Gallice:
703 4061 740 4112 Ce
758 4061 856 4112 consul
872 4066 944 4112 sorti
963 4061 999 4112 dn
1018 4060 1110 4112 milieu
1128 4059 1162 4111 de
1181 4062 1210 4112 la
1220 4057 1283 4132 fa-

295 4138 370 4186 ctiou
389 4132 586 4205 eligareltiqae.
625 4132 799 4187 Consuetudo
819 4139 878 4206 ipsa
897 4136 994 4188 Latine
1014 4135 1166 4188 illustratur
1185 4136 1227 4188 bis
1242 4151 1282 4187 vr.

295 4207 407 4266 Salustii
427 4211 485 4282 lug.
500 4209 532 4264 C.
551 4212 598 4268 lit.
611 4226 670 4262 mos
683 4211 810 4284 partium
824 4211 1001 4280 popularium
1016 4219 1045 4262 et
1062 4216 1153 4264 senati
1162 4207 1282 4284 sactioa·
