2848 4928
167 565 327 654 triamque
347 578 380 634 et
397 587 552 635 summum
573 565 740 654 imperium
759 566 835 638 vilia
855 569 979 650 habeo,
1002 566 1073 658 quin
1094 568 1172 637 milri

168 671 249 738 rire
268 671 428 736 eruciatus
448 671 524 737 setis
546 682 595 738 est
616 683 670 743 aut
691 693 775 758 quae
795 693 900 759 poene
921 673 1073 739 mortun?
1095 673 1172 760 quin

169 773 277 842 omnia
307 784 483 840 memorata
511 776 594 858 apud
625 773 749 840 inlesus
771 773 925 860 supplicis
949 777 1070 842 seelere
1098 796 1171 842 meu

169 876 247 942 rici.
289 877 322 942 A
347 875 449 962 prime
472 875 684 942 adulescentie
700 875 735 942 in
749 942 751 946 Α
764 897 824 944 ore
840 888 951 944 vestre
972 877 1117 962 privatus
1138 879 1206 961 et2

138 977 203 1044 ein
218 978 545 1066 magistratibusegie
568 978 625 1065 qui
639 979 769 1065 lingua,
793 980 848 1065 qui
862 980 997 1046 consilio
1016 1001 1098 1060 meo,
1115 981 1172 1068 qui

166 1083 302 1168 pecunia
323 1083 475 1159 reluere,
498 1081 549 1147 usi
569 1094 661 1160 sunt3
683 1103 786 1169 neque
808 1103 871 1170 ego
892 1083 1037 1148 callidam
1057 1083 1170 1149 faenu-

168 1185 252 1250 eliam
273 1205 377 1272 neque
397 1184 558 1270 ingenium
579 1186 717 1251 eumue
737 1185 917 1252 faciundum
931 1186 1080 1264 exereui;
1102 1185 1172 1252 eri·

169 1287 325 1354 &sumus
353 1287 499 1372 priuatae
527 1286 648 1374 gratiae
668 1309 829 1370 maxumas
850 1287 1029 1355 inimicitiae
1049 1309 1114 1373 pro
1134 1311 1172 1356 re

168 1391 295 1476 publiea
316 1391 460 1475 suseepi3
483 1391 555 1478 quis
576 1389 679 1458 vietus
694 1411 765 1455 eum
778 1391 834 1457 illa
847 1391 940 1457 simul
954 1413 1051 1477 qurum
1073 1411 1172 1478 egens

7 1519 8 1522 ¹
119 1493 289 1560 stellerae
310 1492 384 1577 opis
404 1495 498 1578 plura
520 1493 602 1557 male
622 1505 857 1578 exspectarem,
893 1515 973 1572 rus,
1008 1493 1169 1577 Quirites,

166 1617 281 1662 rursus
306 1595 384 1660 mihi
411 1596 546 1680 patriam
570 1598 711 1681 «iensque
732 1596 856 1680 penatis
880 1617 951 1662 eum
972 1593 1094 1682 ingenti
1122 1596 1172 1662 ui-

168 1698 291 1786 gnitate
313 1697 452 1764 (leiistis.
505 1699 576 1764 Pro
597 1698 714 1784 quibus
734 1699 897 1764 benefieiis
919 1697 976 1763 rix
997 1699 1075 1764 setis
1096 1701 1207 1785 gra-3
1236 1709 1238 1714 '

167 1813 222 1866 tus
251 1801 379 1880 ridear,
416 1799 445 1866 si
465 1799 599 1886 singulis
622 1799 776 1880 animam,
810 1823 903 1886 quem
924 1821 1068 1886 nequeo,
1091 1817 1172 1867 coni

73 1927 78 1952 ¹
167 1903 331 1969 cesserim.
388 1904 471 1968 Nam
500 1903 566 1968 vite
595 1915 627 1968 et
648 1923 737 1969 mors
757 1903 829 1968 iura
849 1915 982 1968 naturae
1003 1915 1095 1968 sunt:
1124 1903 1175 1968 uti

120 2007 238 2074 ussine
264 2009 422 2073 dedecore
450 2028 521 2072 eum
551 2005 675 2072 civibus
706 2007 795 2100 lema·
816 2018 848 2071 et
877 2005 1017 2072 inmunis
1044 2008 1172 2092 integer

169 2129 284 2195 eges„
303 2109 336 2174 id
357 2112 443 2176 dono
466 2111 558 2174 detur
587 2121 682 2195 atque
704 2108 871 2194 accipitur.
929 2108 1089 2177 Consules
1110 2129 1171 2190 nps

167 2209 310 2290 lecistis,
335 2211 495 2294 Quirites,
519 2211 606 2276 domi
626 2212 765 2297 bellique
785 2209 1031 2295 impeditissuma
1052 2233 1089 2276 re
1110 2233 1171 2296 pu·

81 2339 84 2344 ¹
167 2315 266 2380 blica.
309 2317 455 2402 Namque
475 2314 686 2398 imperatores
707 2301 881 2398 Hispaniae
902 2313 1091 2398 stipendium
1111 2311 1171 2380 mi·

167 2418 257 2497 lites,
281 2438 368 2481 erma
388 2419 580 2484 trumentum
599 2429 754 2501 poscunt3
777 2428 810 2480 et
830 2415 936 2481 idnes
958 2414 1063 2502 eogit,
1087 2437 1171 2502 quu-

122 2522 251 2585 soniam
272 2521 449 2586 delectione
476 2520 637 2586 sociorum
663 2531 695 2584 et
717 2517 855 2584 Sertorii
875 2539 941 2600 per·
955 2519 1071 2585 montis
1090 2519 1170 2605 iuge

168 2645 273 2707 neque
295 2645 387 2686 nnanu
408 2633 532 2686 certare
553 2632 688 2702 possunt
709 2641 812 2706 neque
834 2619 923 2683 utilia
943 2641 1069 2704 parare.
1100 2623 1171 2686 Ex·

169 2725 288 2790 ercitus
309 2725 341 2788 in
372 2711 451 2788 Asia
473 2721 652 2807 Ciliciaque
674 2724 717 2788 ob
738 2720 848 2786 nimias
871 2742 951 2806 opes
972 2721 1170 2789 Mithridatis

168 2829 312 2904 aluntur3
336 2824 529 2892 Macedonia
550 2823 643 2910 plena
663 2823 804 2891 hostium
824 2835 890 2904 est,
914 2846 974 2890 nec
989 2824 1089 2891 miuus
1103 2827 1169 2892 Ite-

167 2931 229 2996 liae
251 2931 417 2995 marituma
446 2940 479 2997 et
500 2927 756 3012 prouinciarum
789 2947 886 3013 quum
913 2927 1039 2992 interim
1067 2929 1170 2994 veeti-

7 3063 9 3066 ·
124 3035 256 3120 nsgslie
287 3053 388 3118 parve
417 3043 449 3100 et
476 3031 567 3098 bellis
597 3016 718 3096 ineerta
747 3029 804 3095 vix
835 3041 961 3114 pentem
988 3041 1170 3116 sumptuum

169 3137 342 3202 sustinente
373 3135 556 3218 implesse,
591 3155 672 3219 quae
694 3145 886 3204 commeatus
906 3135 1073 3213 tuebatur,
1109 3132 1170 3202 tui·

169 3259 250 3304 nure
272 3259 365 3326 quem
388 3249 480 3308 antea
501 3235 700 3324 navigemus.
1055 3241 1057 3247 ’

205 3409 231 3461 ³.
251 3427 304 3462 eum
322 3415 402 3462 emnia
421 3409 445 3460 l.
462 3411 665 3488 *maleleeluuduus
684 3407 708 3461 9.
727 3388 768 3471 qul
785 3409 860 3458 rietus
880 3408 922 3458 ll.
941 3411 999 3470 tens
1017 3409 1060 3464 2⁷.
1079 3418 1134 3461 nete

226 3562 251 3634 §.
270 3566 298 3622 2.
320 3559 445 3630 Cunissa,
469 3541 506 3615 'ut
530 3563 574 3616 ait
591 3560 716 3633 Appium,
726 3556 872 3632 faermdia
896 3559 1087 3616 exercebatur.
1111 3558 1169 3614 set.

169 3638 279 3711 fragm.
305 3637 372 3692 hist.
394 3640 492 3692 tacere.
516 3637 551 3692 N.
572 3635 647 3708 ttlt.¹
686 3637 761 3691 Num
780 3637 925 3710 propterea
944 3635 993 3690 hle
1012 3653 1075 3690 eum
1094 3637 1168 3690 cer-

169 3717 248 3770 tione
267 3709 474 3786 rescribenqum
494 3715 625 3765 caninam
637 3707 834 3781 facundtami
887 3727 892 3759 u

226 3789 251 3862 ᾗ.
270 3793 296 3848 5.
315 3789 399 3852 tura,
420 3801 455 3839 en
467 3791 527 3840 iure
540 3801 603 3839 eum
617 3785 702 3838 eliis?
722 3813 756 3828 -
770 3785 844 3837 Asta
855 3785 1027 3859 Ciliciaque?
1041 3813 1072 3826 -
1092 3781 1166 3838 Num

169 3861 223 3937 leg.
250 3862 382 3914 utensilia
404 3877 455 3934 pre
481 3861 583 3913 utilia?
624 3857 683 3914 Cir.
705 3857 765 3931 Ing.
781 3861 819 3915 Ε.
846 3863 890 3922 86.
913 3861 1028 3913 Marius
1054 3861 1167 3930 stipere-

170 3939 233 4004 diu,
251 3943 361 4002 armis,
386 3937 452 3988 aliis
475 3935 592 3989 utilibus
610 3939 696 3988 navit
713 3944 823 3990 onerat.
841 3965 880 3981 -
898 3955 979 4009 quem
997 3939 1111 3987 interim
1129 3959 1166 3978 ·-

169 4014 258 4068 classe
276 4012 470 4082 navigamus?

227 4090 251 4156 l·
271 4089 298 4146 q.
323 4087 494 4142 eontracta?
512 4112 549 4130 -
577 4085 634 4140 Cur
658 4083 905 4158 corrumpebantur
929 4103 971 4139 rr.
997 4087 1095 4152 agite,
1124 4088 1167 4136 eet

171 4169 333 4231 moustiers,
345 4167 375 4217 in
385 4167 480 4232 agite,
496 4167 539 4216 uei
550 4161 728 4227 liberetur,
743 4175 801 4220 tum
816 4167 847 4214 iu
859 4165 939 4229 agite
948 4165 977 4210 et
987 4163 1030 4210 uti
1038 4158 1104 4211 libet
1112 4164 1166 4227 ite,

171 4252 202 4293 ut
229 4237 362 4296 dederunt
393 4242 506 4312 Carrio,
534 4237 650 4308 Weiss,
679 4237 747 4292 elii?
778 4235 846 4294 neu.
870 4237 1041 4310 Pompuutue
1067 4237 1166 4292 Laetus
1196 4235 1201 4246 ’
