2848 4928
906 380 915 435 )

309 445 350 524 28'

305 611 392 668 sorte
413 600 562 688 possitis,
585 601 700 669 Iovem
723 601 895 669 antatium
912 621 1007 691 quem
1026 603 1119 670 deum
1140 605 1313 673 consulto·

306 727 374 772 rem
396 705 611 792 exspectatis?
638 705 762 791 Magna
786 705 841 773 ilia
861 707 1027 774 consulum
1047 707 1179 793 imperia
1200 719 1233 773 et
1249 729 1314 793 pa·

305 821 392 874 trum
413 813 542 876 decreta
562 829 623 874 vos
644 813 849 895 exsequendo
876 822 947 876 rata
967 810 1110 886 efficitis,
1145 807 1310 891 Quirites,

307 915 457 998 ultroque
478 911 635 976 licentiam
655 911 696 1010 ip
711 933 772 978 vos
791 923 915 978 suetum
945 923 1041 998 atque
1068 901 1207 977 adiutum
1227 931 1314 996 pro·

273 1013 440 1100 Speratie.
484 1017 596 1100 Neque
616 1035 680 1102 ego
707 1036 769 1082 vos
800 1015 901 1080 ultum
924 1013 1053 1080 iniuriae
1077 1016 1212 1091 horton
1243 1029 1339 1080 mm

308 1117 359 1206 gis
379 1117 426 1180 uti
446 1119 587 1203 requiem
608 1118 758 1204 cupiatis3
782 1139 887 1206 neque
908 1115 1100 1198 discordias,
1123 1130 1159 1182 ut
1178 1116 1225 1181 itti
1246 1115 1314 1182 ori·

307 1221 485 1298 minantur,
516 1223 571 1288 sed
593 1243 700 1287 earum
721 1223 815 1288 linem
837 1222 970 1300 volens,
1003 1221 1074 1288 iure
1094 1219 1234 1308 gentium
1255 1239 1313 1286 res

307 1335 423 1410 repeto
444 1335 494 1402 ot,
525 1323 554 1390 si
574 1325 780 1409 pertinaciter
800 1325 1000 1404 retinebunt,
1023 1346 1087 1389 nou
1103 1345 1190 1389 arma
1208 1337 1313 1419 neque
1377 1380 1392 1399 ,.

308 1427 540 1506 secessionem,
563 1431 784 1514 tantummodo
811 1449 851 1493 ue
881 1427 1013 1512 amplius
1040 1427 1224 1514 sauguinem
1253 1445 1313 1492 re·

308 1541 411 1596 strum
438 1531 636 1615 praebeatis,
666 1531 820 1614 oeueebo.
871 1533 994 1596 Get-aut
1021 1531 1221 1616 habeantque
1248 1549 1311 1596 suo
1325 1549 1359 1600 ts

309 1637 407 1700 modo
439 1634 590 1720 imperim
638 1645 791 1721 quaerant
830 1633 1027 1720 triumphem
1070 1632 1310 1718 Mithridatem,

311 1736 488 1802 Sertorium
511 1749 543 1802 et
562 1737 714 1826 reliquiae
735 1739 879 1804 exsulum
901 1739 1132 1822 persequantur
1146 1757 1218 1800 oum
1232 1734 1313 1800 ima-

310 1839 439 1926 ginibus
461 1841 539 1906 suis.
581 1842 679 1907 Absit
706 1841 881 1924 periculum
906 1852 937 1905 et
958 1841 1067 1916 labos,
1091 1838 1207 1925 quibus
1225 1839 1314 1904 uuila

310 1963 391 2026 pare
407 1944 530 2008 fruetus
546 1948 613 2009 est!
635 1943 708 2008 Nisi
729 1943 816 2009 forte
836 1941 1003 2026 repentina
1023 1941 1084 2005 ista
1105 1939 1314 2006 frumentaria

311 2045 383 2130 lege
404 2045 638 2130 muniaxvestra
658 2058 850 2129 pensantura
874 2065 938 2130 que
958 2055 1063 2108 tameo
1082 2044 1185 2129 quinis
1201 2042 1360 2120 modiisff

310 2147 872 2228 libertatemomniumaestumavere,
886 2147 940 2233 qui
947 2148 1097 2232 proiecto
1106 2169 1167 2211 nou
1180 2147 1315 2230 amplius

265 2251 284 2360 i
317 2262 453 2334 possunt
468 2250 624 2316 alimentis
638 2250 788 2317 carceris.
821 2252 986 2337 Namque,
1002 2250 1049 2316 uti
1060 2249 1124 2314 illis
1138 2248 1315 2335 exiguitate

274 2367 400 2419 amors
421 2355 629 2437 prohibetur,
661 2364 828 2419 senescunt
849 2355 952 2432 vires3
981 2353 1030 2419 aio
1048 2375 1151 2440 neque
1173 2352 1314 2418 absolvit

312 2477 389 2521 eura
403 2455 551 2521 familiari
565 2446 627 2520 tam
642 2465 742 2540 parv'a
755 2479 829 2534 ree,
852 2469 884 2522 et
897 2456 1009 2542 ignavi
1024 2457 1177 2540 cuiusque
1193 2455 1314 2522 tenuis-

311 2557 407 2624 simas
421 2580 493 2643 spes
514 2559 706 2636 frustratum
729 2581 792 2644 qua
807 2571 911 2625 tamen
925 2559 1068 2646 quamvis
1086 2559 1206 2642 ampla,
1230 2579 1313 2642 qaro-
1324 2573 1360 2626 2⁰

311 2661 393 2726 uiam
409 2662 520 2728 serviti
540 2661 676 2746 pretium
692 2674 924 2743 ostentaretur,
949 2663 1038 2728 ouius
1052 2660 1231 2746 torpedinis
1243 2673 1313 2726 eret

311 2765 416 2848 decipi
430 2777 461 2829 et
472 2777 650 2828 vestrarum
669 2787 775 2830 rerum
790 2770 877 2830 ultro
890 2765 1004 2832 iniuria
1020 2763 1159 2852 gratiani
1172 2762 1312 2832 dehere?

312 2867 458 2952 Namque
487 2866 551 2932 elio
580 2869 675 2932 modo
705 2890 809 2954 neque
838 2869 946 2933 velent
966 2867 998 2934 io
1020 2867 1186 2934 universos
1207 2887 1313 2952 neque

278 2968 525 3052 9oonebuntur.
570 2967 741 3035 Gerendus
764 2971 855 3037 dolus
877 2984 938 3038 ost.
980 2972 1094 3056 Itaque
1116 2971 1208 3034 simul
1222 2991 1313 3036 com·

348 3160 374 3210 1.
392 3163 500 3221 possitis.
529 3162 611 3209 lovem
627 3189 637 3200 ·
651 3187 661 3202 ·
677 3189 687 3202 ·
704 3168 862 3222 exspectetis:
881 3179 967 3225 magos
991 3160 1032 3210 10.
1049 3177 1136 3210 eeoseo
1156 3159 1198 3210 11.
1217 3169 1244 3209 ut
1264 3161 1314 3209 itti·

399 3231 442 3282 19.
467 3238 492 3279 et
506 3233 606 3294 ignarus
624 3234 722 3297 quiaque
741 3237 879 3284 tenuissima
898 3249 940 3293 spe
957 3235 1113 3280 frustrentur.
1133 3240 1290 3293 quartanae

369 3387 392 3456 1.
413 3391 439 3446 8.
459 3389 548 3444 ultum
566 3387 685 3446 hortor?
704 3419 741 3437 ·-·
761 3394 881 3465 requiem
892 3407 919 3446 et
933 3392 1090 3462 requietem.
1110 3417 1146 3433 -
1164 3397 1226 3446 iure
1238 3409 1315 3462 gerr-

313 3467 384 3518 tium
401 3481 448 3517 res
467 3468 573 3538 repeto]
594 3465 742 3535 Quomodo
761 3469 814 3522 heo
834 3473 874 3521 ott
887 3471 978 3542 potuit
1003 3464 1141 3524 formula?
1159 3497 1198 3510 -
1215 3469 1321 3522 Clari--

310 3543 403 3609 gotio.
422 3567 460 3582 -
475 3550 678 3614 persequantur
696 3561 758 3596 oum
776 3541 946 3612 longioribus
963 3543 1034 3616 suis]
1054 3541 1200 3613 Quomodo
1219 3558 1315 3596 emera

311 3615 382 3670 huso
405 3615 544 3690 εἰρωνεία
563 3616 748 3690 explicanda?
771 3647 802 3660 -·
824 3619 881 3670 Cur
901 3615 1077 3689 praeferende
1097 3618 1205 3674 videtur
1228 3620 1314 3672 leetto

312 3703 329 3741 a
347 3688 428 3743 nobis
451 3705 561 3764 rsoepta
580 3698 681 3762 ignavi
693 3723 712 3738 .-
725 3721 743 3737 -
754 3691 947 3764 frustratur?
965 3721 1003 3737 -
1023 3693 1147 3750 Alterum
1159 3691 1315 3765 frustram-

312 3771 361 3818 mr
382 3763 521 3836 quomodo
539 3768 731 3841 explicandum
753 3771 843 3821 esset?
873 3767 995 3826 Theeee:
1024 3768 1055 3843 1)
1075 3771 1190 3826 Prorsus
1211 3785 1314 3822 neres·

312 3844 415 3895 sarium
433 3856 490 3894 noo
519 3857 561 3896 sst
586 3848 774 3913 ignavissumi
799 3847 947 3914 ouiusqtser
972 3859 1003 3899 ot
1028 3845 1130 3900 habeut
1159 3845 1223 3915 aliq.
1243 3841 1314 3900 edd.

312 3913 507 3990 interpolatae.
527 3922 556 3986 2)
570 3933 690 3990 pecusque
703 3919 889 3985 tenuissimas,
908 3925 1024 3974 omuino
1038 3919 1219 3974 reficiendum
1233 3917 1315 3976 teret.

312 3995 343 4061 5)
363 3989 515 4046 Probabssit
529 4009 568 4048 est
587 3995 685 4048 Fsiirni
704 3991 875 4046 emendatio:
895 4013 948 4064 qua
963 4004 1056 4048 tannen
1075 4011 1125 4068 pro
1139 3994 1226 4049 Codd.
1244 4013 1315 4066 pesae

312 4075 417 4122 tamen.
436 4091 474 4110 -··
491 4077 653 4121 vestrarum
665 4085 758 4120 rerum
768 4071 837 4138 oet]
847 4069 994 4140 Quomodo
1008 4073 1075 4124 haee
1088 4069 1315 4142 interpretanda?

207 4185 210 4192 .
313 4139 440 4199 Modesto
472 4141 594 4198 iudtoato
620 4141 653 4196 de
681 4147 784 4196 sommi
813 4143 947 4198 Gronovit
968 4151 1142 4200 contectura:
1171 4152 1199 4196 et
1216 4154 1316 4198 vestra

315 4217 522 4270 materensibus
537 4237 592 4291 pro
607 4223 713 4270 iniuria
733 4223 859 4288 gratiam
877 4219 983 4273 debere.

371 4292 397 4362 1.
415 4295 442 4356 9.
473 4294 530 4351 Cur
560 4287 710 4350 reiioieude
741 4293 827 4352 lectio
857 4293 910 4352 Ed.
939 4297 1007 4352 Ver.
1037 4298 1133 4357 asom:
1167 4294 1317 4354 Caesetius
