2848 4928
284 509 345 564 cula
377 507 530 562 habuerunt
557 503 737 578 respondente
767 524 791 559 v.
818 511 893 556 ente.
937 505 1077 576 Nusquam
1107 519 1198 558 autern
1233 506 1301 559 hac

284 586 360 648 verbi
380 583 544 655 antecapere
563 588 653 635 utitur
669 584 877 656 constructione
898 577 1042 633 Salustius.
1080 577 1139 650 Ego
1158 598 1221 634 vero
1239 585 1301 634 illa

284 667 327 715 sio
347 665 527 732 interpretare
549 675 625 724 «ηε,
647 657 715 709 alius
737 655 820 709 alium
847 659 1003 728 prinoipem
1021 653 1173 708 ulciscendi
1195 656 1299 710 Sullae

284 749 486 809 exspectantes,
516 749 579 786 aute
599 736 768 804 capiamini,
795 745 877 800 quam
903 746 997 802 reapse
1016 731 1079 784 talis
1102 735 1217 784 exsistat
1237 734 1297 786 ul-

283 826 328 872 tor
347 808 588 864 dominationis:”
614 825 695 876 prtem
715 806 811 858 c'ontra
832 807 903 857 mihi
923 820 964 858 est
984 823 1152 877 pronomen,
1171 811 1238 872 ita,
1259 823 1296 861 ut

284 891 405 958 suspicio
425 899 504 949 mea,
536 888 566 936 in
584 883 637 934 hac
656 883 822 935 scholastica
843 880 964 933 editione
984 895 1108 953 recepta:
1129 898 1213 952 quam
1233 899 1293 933 ra-

243 971 246 978 ’
280 971 359 1032 ptum
377 965 419 1018 ire
437 959 502 1010 licet
520 963 564 1025 ei,
590 975 669 1029 quem
698 955 773 1007 dated
787 954 894 1027 predeat
913 971 964 1014 cet.
986 961 1025 1008 ita
1045 961 1082 1009 sit
1102 957 1291 1028 exponenda:

284 1051 366 1108 quam
385 1032 537 1088 secordiam
555 1043 667 1105 raptum
686 1036 744 1098 ire,
766 1035 922 1104 opprimere
942 1035 1052 1104 impune
1072 1031 1140 1084 litet
1159 1031 1294 1101 homini,

283 1110 371 1182 qualis
393 1110 466 1162 Sulla
487 1124 543 1177 est,
564 1125 645 1182 quem
665 1109 717 1170 etsi
737 1111 856 1180 propriis
877 1105 975 1178 opibus
996 1121 1029 1158 ac
1048 1111 1149 1160 virtute
1170 1107 1291 1162 destitu-

283 1203 343 1240 tum
363 1184 435 1237 haud
455 1183 554 1257 pudeat
575 1183 660 1237 videri
681 1181 842 1248 dumtaxat,
872 1199 928 1234 non
947 1199 1007 1234 esse
1026 1179 1154 1243 felicem
1184 1188 1290 1254 quique

284 1259 395 1313 fortuna
416 1275 463 1312 sua
484 1258 519 1311 ad
537 1265 658 1331 patrIam
678 1255 853 1312 evertendam
874 1256 1006 1310 abutitur.
1045 1257 1086 1308 EI
1103 1272 1130 1310 et
1149 1255 1202 1309 ET
1221 1275 1289 1311 ser-

211 1336 221 1354 “
283 1340 388 1392 centies
405 1333 536 1392 confundi
549 1325 713 1396 tralatitium
727 1349 785 1386 est:
803 1331 938 1402 facileque
952 1349 966 1384 e
981 1345 1021 1385 vv.
1037 1332 1289 1402 QUEMHAUD·

266 1406 444 1477 ‘PUDEAT
471 1425 583 1482 propter
611 1410 715 1462 similes
735 1408 832 1460 ductus
853 1407 911 1462 fieri
932 1421 1041 1480 poterat
1061 1425 1142 1478 prtum
1161 1409 1287 1475 audeat,
1400 1413 1401 1470 ζ

282 1489 444 1560 praesertim
464 1488 644 1557 praecedente
664 1485 761 1537 altero.
770 1499 861 1554 priam.
881 1482 973 1538 Verba
989 1498 1081 1536 autem
1097 1481 1219 1552 pudendi
1235 1489 1288 1554 pi.¹
1400 1479 1401 1540 l

284 1561 371 1630 gendi
397 1559 561 1629 poenitendi
586 1575 667 1632 saepe
697 1565 727 1611 in
755 1563 852 1632 primis
886 1557 958 1631 apud
989 1558 1098 1626 Litium
1123 1573 1188 1610 cum
1215 1573 1287 1632 part.
1400 1555 1401 1578 ³

282 1635 359 1690 dated
376 1650 581 1702 construuntur.
632 1635 751 1703 lleptum
777 1649 841 1686 vero
868 1630 1044 1687 retinendum
1072 1649 1125 1685 neo
1156 1634 1289 1688 scriben-
1400 1599 1401 1664 l

283 1711 350 1768 dum
372 1719 493 1782 captum.
538 1708 596 1766 cir.
615 1711 685 1763 Livil
708 1713 740 1777 6,
770 1715 824 1774 25,
846 1713 871 1766 5.
892 1714 937 1780 qui
957 1717 1053 1760 castre
1072 1707 1202 1778 urbesque
1220 1714 1288 1778 pri·-

282 1799 326 1850 mo
345 1791 449 1856 impetu
468 1803 566 1856 rapere
585 1791 625 1837 sit
644 1780 762 1846 solimis,-
790 1785 883 1854 ibique
903 1785 989 1838 Drak.
1030 1786 1070 1836 Ac
1089 1801 1138 1854 per
1158 1801 1186 1836 se
1206 1789 1288 1856 puti-

281 1863 348 1914 dum
368 1861 441 1914 esset'
459 1879 485 1914 v.
505 1869 617 1930 captum
637 1875 699 1932 post
719 1864 845 1932 superius
865 1863 1024 1930 capiamini.
1074 1858 1219 1930 Vulgatam
1244 1864 1287 1913 sio

282 1941 478 2006 interpretatus
508 1950 548 1986 est
574 1935 685 2002 Dureau
712 1933 745 1985 de
771 1934 906 1986 Lamalle:
940 1935 975 1984 Je
1001 1937 1096 1984 craias
1122 1932 1186 2004 qu'ci
1202 1933 1287 2000 force

281 2009 441 2062 d’aitendae
466 2026 515 2080 pne
541 2008 599 2059 l'un
616 2001 660 2060 'ore
688 2009 790 2060 Parcere
818 2008 851 2058 de
871 2025 942 2059 vous
960 2026 1130 2074 commatice,
1162 2027 1234 2060 voras
1252 2028 1286 2062 ne

281 2085 322 2154 iai
341 2083 457 2135 donniez
478 2083 503 2134 le
524 2091 613 2154 temps
632 2083 665 2136 de
685 2102 714 2136 se
729 2085 893 2156 prevaluit,
924 2101 979 2134 nun
1009 2083 1042 2136 de
1060 2101 1104 2134 ses
1115 2080 1219 2153 forces
1237 2089 1285 2154 qtei

281 2177 315 2212 ne
346 2167 411 2211 sont
433 2159 497 2230 plus
525 2159 609 2230 qrt'rm
634 2163 703 2211 vein
728 2161 932 2230 e'puuvantail,
965 2164 1037 2210 anais
1056 2158 1089 2210 de
1108 2167 1190 2210 unere
1208 2159 1286 2211 Itis-he

269 2233 442 2295 dadolenam
476 2243 540 2305 trop
566 2233 691 2285 detererem
715 2235 811 2305 qu'elle
837 2236 877 2285 lui
900 2233 1013 2299 facilite
1040 2235 1080 2286 les
1106 2251 1221 2306 moyens
1251 2235 1285 2286 de

281 2327 352 2366 votes
375 2309 508 2378 prevenit
527 2316 554 2358 et
573 2309 606 2360 de
620 2309 755 2380 justifica·
774 2315 848 2360 ainsi
873 2309 899 2358 le
918 2312 1032 2359 sternent
1050 2309 1118 2378 qu‘il
1145 2310 1285 2378 s'arroge.

281 2381 408 2437 Barnous
426 2388 467 2436 sie
487 2388 664 2454 interpretari
683 2394 797 2437 conatus
819 2399 860 2436 est
878 2385 1016 2454 vulgatam
1037 2381 1109 2446 (scil.
1124 2383 1285 2437 Cottianam

280 2461 498 2529 captum'ire.):
531 2454 657 2522 ,Vereor
677 2477 738 2511 ne.
762 2497 768 2512 .
790 2497 796 2512 .
818 2494 825 2510 .
846 2473 898 2508 uos
924 2473 988 2510 ante
1007 2461 1173 2529 capiamini,
1204 2473 1283 2530 prtem

281 2535 328 2587 ille
347 2539 491 2603 capiatur;
521 2533 675 2603 etprti'iam
693 2535 759 2586 licet
777 2531 857 2584 vobis
876 2551 937 2584 eum
958 2546 1069 2604 captum
1091 2537 1202 2599 ire,-et
1221 2543 1283 2586 tum

282 2623 342 2663 eum
361 2609 447 2663 videri
469 2625 525 2662 tam
545 2605 672 2676 felicem,
695 2625 776 2681 quam
790 2608 907 2673 audeat,
927 2613 1005 2671 sive,
1024 2627 1105 2678 quum
1119 2609 1215 2660 ceredam
1227 2615 1279 2670 sit;

281 2684 358 2738 lusus
382 2689 411 2736 in
431 2690 596 2756 cognomine
609 2681 727 2754 felicis;
746 2689 822 2754 quasi
841 2683 933 2736 dicat:
954 2682 1029 2736 Sulla
1048 2701 1077 2733 se
1094 2681 1209 2748 felicem
1228 2683 1280 2736 dici

282 2757 356 2822 vult3
381 2759 446 2812 licet
466 2760 543 2812 vohis
564 2775 626 2814 euru
647 2764 688 2812 sie
700 2757 818 2828 filicem
832 2758 961 2823 reddere,
982 2771 1011 2810 ut
1032 2756 1079 2809 'sua
1101 2758 1213 2812 audacia
1227 2767 1281 2815 ess's

281 2834 461 2908 promeruit.’'
502 2833 554 2886 Sed
574 2835 646 2890 hano
666 2852 774 2906 quoque
793 2833 1008 2906 explicationem
1029 2839 1133 2906 respuit
1154 2839 1212 2906 ipsa
1234 2837 1281 2886 Las

283 2911 391 2961 tinitas.
433 2908 485 2960 On.

338 2983 363 3050 a.
382 2985 408 3038 9.
439 2979 576 3053 Fufidius]
606 2999 660 3047 „eo
688 2997 800 3034 auctore
826 2980 919 3051 (Floro
946 2987 981 3048 5,
1006 2988 1053 3039 21.
1083 2998 1111 3036 et
1131 2983 1233 3036 Oresio
1252 2985 1281 3047 5,

282 3062 329 3130 21.
362 3057 497 3123 testibus)
543 3055 618 3110 Sulla
660 3061 871 3130 proscriptionis
902 3057 1039 3110 ¹tabulam
1073 3057 1280 3132 proposuerat.²’

286 3135 430 3186 Gnatacn.
450 3161 488 3187 -r
508 3129 624 3198 iudicia]
654 3137 771 3203 pertinet
791 3130 825 3184 ad
844 3129 946 3186 iudicia
968 3149 982 3184 a
1004 3132 1081 3186 Sulla
1102 3133 1135 3185 ad
1155 3135 1281 3186 Senatum
1400 3175 1401 3186 ,

284 3207 436 3273 translata,
455 3225 541 3279 quum
560 3223 575 3259 a
597 3207 731 3261 Gracchis
745 3207 883 3279 equitibus
905 3207 1005 3261 tradita
1021 3225 1121 3262 essent.
1141 3209 1279 3264 Gnatacrr.

285 3309 321 3327 ι-
338 3301 421 3352 penes
436 3299 543 3352 paucos
565 3284 768 3351 intellegerent]
791 3285 933 3336 Sententia
953 3289 1012 3355 ipsa
1032 3285 1179 3356 imperiose
1194 3287 1280 3352 requi·
1400 3271 1401 3286 ¹

284 3362 322 3410 rit
344 3373 391 3410 aut
420 3375 563 3430 praesens,
593 3377 672 3429 putem
697 3360 821 3426 relegati
841 3389 859 3404 ··
878 3391 897 3400 -
916 3376 990 3412 nuuc
1018 3359 1206 3428 intellegent,
1232 3373 1279 3427 qua

284 3430 411 3484 mercede
430 3451 480 3505 pro
501 3433 574 3488 Sulla
595 3437 707 3504 eiusque
727 3432 916 3486 dominatione
937 3439 1099 3505 pugnarint;
1128 3449 1191 3497 aut,
1211 3430 1278 3503 quod

218 3564 224 3574 Ι
284 3522 422 3580 praestat,
450 3525 530 3578 quum
549 3509 671 3576 relegati
690 3527 745 3551 -·-
766 3513 876 3561 iamiam
895 3509 1103 3568 intellexerint,·
1123 3511 1278 3578 neutiquam

284 3599 348 3636 veto
372 3581 466 3634 locum
497 3583 582 3637 lrabet
608 3601 688 3654 petrem
708 3584 831 3652 relegati
849 3616 868 3625 -
887 3603 911 3622 -·
925 3587 1140 3653 intellegerent,
1175 3583 1295 3636 seilicet,

285 3657 382 3710 eodem
404 3671 544 3730 tempore,
574 3675 628 3728 quo
657 3675 731 3712 arma
751 3677 801 3734 pro
822 3657 896 3713 Sulla
916 3677 1060 3731 ceperant:
1089 3658 1116 3712 id
1137 3659 1207 3730 quod
1228 3657 1278 3708 ab·

224 3801 227 3806 ,
285 3731 399 3786 surdum
420 3747 461 3786 est
481 3729 592 3805 propter
612 3739 701 3807 ipsum
721 3753 746 3788 v.
768 3735 900 3802 relegati.
939 3737 1093 3803 Quocirca,
1112 3751 1195 3804 quum
1210 3729 1274 3786 eod.

285 3813 411 3860 omnium
423 3811 543 3880 optimus
557 3813 621 3862 vat.
633 3821 657 3866 1.
671 3809 781 3862 offerret
792 3814 930 3880 antiquam
942 3809 1057 3883 perfecti
1067 3808 1182 3862 formam
1193 3808 1276 3859 intel-

284 3883 423 3951 legerint,
443 3885 516 3936 hanc
536 3883 623 3955 ipsam
644 3887 754 3957 recepi,
773 3890 825 3937 etei
845 3883 926 3938 facile
947 3899 1102 3941 mutaturus
1123 3883 1277 3936 insolitam

285 3958 494 4016 intellexerints
526 3963 590 4029 quia
619 3957 677 4012 fieri
706 3965 813 4032 potuit,
843 3975 873 4013 ut
893 3957 947 4012 ho'c
967 3977 994 4015 et
1012 3960 1117 4014 similia
1136 3977 1186 4030 per
1206 3961 1277 4010 anti-

285 4037 395 4102 quarios
421 4033 598 4087 inlerrentur.
639 4035 726 4088 'Favet
754 4034 879 4107 analogia
899 4055 924 4089 v.
942 4038 1114 4106 neglegis-sei
1133 4034 1193 4108 Ing.
1217 4035 1276 4105 Cap.

284 4106 347 4170 40„
366 4111 409 4160 uti
428 4108 512 4161 Basil.
534 4113 559 4163 1.
597 4109 684 4162 Paris.
706 4107 770 4164 duo.
790 4109 894 4165 Medic.
915 4113 942 4166 1.
962 4109 1092 4164 exhibent
1107 4108 1276 4184 (nontamen

286 4181 382 4233 Turio.
403 4199 495 4258 neque
508 4180 652 4250 Einsiedl.)
673 4187 739 4236 item
759 4185 906 4240 Diomedes
927 4191 954 4241 d·
973 4205 1000 4256 p·
1021 4186 1083 4246 566.
1104 4185 1135 4239 P·
1156 4185 1274 4253 negligo,

1278 4267 1283 4287 1
