<?xml version="1.0" encoding="UTF-8"?>
<!DOCTYPE html PUBLIC "-//W3C//DTD XHTML 1.0 Transitional//EN"
    "http://www.w3.org/TR/xhtml1/DTD/xhtml1-transitional.dtd">
<html xmlns="http://www.w3.org/1999/xhtml" xml:lang="en" lang="en">
 <head>
  <title>
</title>
<meta http-equiv="Content-Type" content="text/html;charset=utf-8" />
  <meta name='ocr-system' content='tesseract 3.04.00' />
  <meta name='ocr-capabilities' content='ocr_page ocr_carea ocr_par ocr_line ocrx_word'/>
</head>
<body>
  <div class='ocr_page' id='page_1' title='image "./orationesetepis00sallgoog/orationesetepis00sallgoog_0035.png"; bbox 0 0 2848 4928; ppageno 0'>
   <div class='ocr_carea' id='block_1_1' title="bbox 429 1017 1066 1298">
    <p class='ocr_par' dir='ltr' id='par_1_1' title="bbox 429 1017 1066 1298">
     <span class='ocr_line' id='line_1_1' title="bbox 564 1017 960 1138; baseline -0.005 -16"><span class='ocrx_word' id='word_1_1' title='bbox 564 1017 567 1020; x_wconf 75' lang='grc'><strong>’</strong></span> <span class='ocrx_word' id='word_1_2' title='bbox 635 1045 960 1138; x_wconf 68' lang='lat' dir='ltr'><strong>aristoni</strong></span> 
     </span>
     <span class='ocr_line' id='line_1_2' title="bbox 429 1231 1066 1298; baseline -0.002 -2"><span class='ocrx_word' id='word_1_3' title='bbox 429 1232 431 1237; x_wconf 84' lang='grc'><strong>’</strong></span> <span class='ocrx_word' id='word_1_4' title='bbox 524 1231 1066 1298; x_wconf 87' lang='lat' dir='ltr'><strong>MITHRIDATIS.</strong></span> 
     </span>
    </p>
   </div>
   <div class='ocr_carea' id='block_1_2' title="bbox 706 1403 891 1416">
    <p class='ocr_par' dir='ltr' id='par_1_2' title="bbox 706 1403 891 1416">
     <span class='ocr_line' id='line_1_3' title="bbox 706 1403 891 1416; baseline 0 -2"><span class='ocrx_word' id='word_1_5' title='bbox 706 1403 891 1416; x_wconf 74' lang='lat'>—</span> 
     </span>
    </p>
   </div>
   <div class='ocr_carea' id='block_1_3' title="bbox 539 1531 1063 1602">
    <p class='ocr_par' dir='ltr' id='par_1_3' title="bbox 539 1531 1063 1602">
     <span class='ocr_line' id='line_1_4' title="bbox 539 1531 1063 1602; baseline 0.004 -16"><span class='ocrx_word' id='word_1_6' title='bbox 539 1531 601 1586; x_wconf 78' lang='lat' dir='ltr'><strong>Rex</strong></span> <span class='ocrx_word' id='word_1_7' title='bbox 619 1531 808 1584; x_wconf 80' lang='lat' dir='ltr'><em>Mithridates</em></span> <span class='ocrx_word' id='word_1_8' title='bbox 827 1538 890 1602; x_wconf 80' lang='lat' dir='ltr'><strong>regi</strong></span> <span class='ocrx_word' id='word_1_9' title='bbox 909 1535 1015 1586; x_wconf 81' lang='lat' dir='ltr'><em>Arsaci</em></span> <span class='ocrx_word' id='word_1_10' title='bbox 1032 1534 1063 1589; x_wconf 86' lang='lat' dir='ltr'><strong>S.</strong></span> 
     </span>
    </p>
   </div>
   <div class='ocr_carea' id='block_1_4' title="bbox 260 1634 1348 3268">
    <p class='ocr_par' dir='ltr' id='par_1_4' title="bbox 264 1634 1348 2328">
     <span class='ocr_line' id='line_1_5' title="bbox 264 1634 1303 1720; baseline -0.002 -18"><span class='ocrx_word' id='word_1_11' title='bbox 264 1637 287 1720; x_wconf 88' lang='lat'><strong>1</strong></span> <span class='ocrx_word' id='word_1_12' title='bbox 362 1637 501 1712; x_wconf 84' lang='lat' dir='ltr'><strong>Omnes,</strong></span> <span class='ocrx_word' id='word_1_13' title='bbox 539 1636 593 1720; x_wconf 90' lang='lat' dir='ltr'><strong>qui</strong></span> <span class='ocrx_word' id='word_1_14' title='bbox 621 1635 765 1698; x_wconf 86' lang='lat' dir='ltr'><strong>secttndis</strong></span> <span class='ocrx_word' id='word_1_15' title='bbox 795 1639 890 1698; x_wconf 89' lang='lat' dir='ltr'><strong>rebus</strong></span> <span class='ocrx_word' id='word_1_16' title='bbox 918 1636 982 1700; x_wconf 89' lang='lat' dir='ltr'><strong>suis</strong></span> <span class='ocrx_word' id='word_1_17' title='bbox 1005 1639 1044 1700; x_wconf 90' lang='lat' dir='ltr'><strong>ad</strong></span> <span class='ocrx_word' id='word_1_18' title='bbox 1067 1635 1142 1700; x_wconf 90' lang='lat' dir='ltr'><strong>belli</strong></span> <span class='ocrx_word' id='word_1_19' title='bbox 1162 1634 1303 1703; x_wconf 57' lang='lat' dir='ltr'><strong>sociatae</strong></span> 
     </span>
     <span class='ocr_line' id='line_1_6' title="bbox 297 1729 1301 1823; baseline 0.003 -21"><span class='ocrx_word' id='word_1_20' title='bbox 297 1749 361 1804; x_wconf 86' lang='lat' dir='ltr'><strong>tem</strong></span> <span class='ocrx_word' id='word_1_21' title='bbox 380 1729 534 1817; x_wconf 86' lang='lat' dir='ltr'><strong>orantur,</strong></span> <span class='ocrx_word' id='word_1_22' title='bbox 562 1739 765 1803; x_wconf 88' lang='lat' dir='ltr'><strong>considerare</strong></span> <span class='ocrx_word' id='word_1_23' title='bbox 789 1741 921 1817; x_wconf 87' lang='lat' dir='ltr'><strong>debent,</strong></span> <span class='ocrx_word' id='word_1_24' title='bbox 945 1741 1081 1804; x_wconf 78' lang='lat' dir='ltr'><strong>liceatne</strong></span> <span class='ocrx_word' id='word_1_25' title='bbox 1096 1750 1166 1802; x_wconf 48' lang='lat' dir='ltr'><strong>*tum</strong></span> <span class='ocrx_word' id='word_1_26' title='bbox 1187 1761 1301 1823; x_wconf 85' lang='lat' dir='ltr'>pacem</span> 
     </span>
     <span class='ocr_line' id='line_1_7' title="bbox 297 1843 1301 1928; baseline 0.002 -22"><span class='ocrx_word' id='word_1_27' title='bbox 297 1865 411 1928; x_wconf 83' lang='lat' dir='ltr'><strong>agere,</strong></span> <span class='ocrx_word' id='word_1_28' title='bbox 437 1843 526 1919; x_wconf 90' lang='lat' dir='ltr'><strong>dein,</strong></span> <span class='ocrx_word' id='word_1_29' title='bbox 552 1845 639 1926; x_wconf 89' lang='lat' dir='ltr'><strong>quod</strong></span> <span class='ocrx_word' id='word_1_30' title='bbox 660 1843 839 1926; x_wconf 74' lang='lat' dir='ltr'><strong>quaesitus,</strong></span> <span class='ocrx_word' id='word_1_31' title='bbox 864 1843 980 1906; x_wconf 86' lang='lat' dir='ltr'><strong>satisne</strong></span> <span class='ocrx_word' id='word_1_32' title='bbox 999 1843 1084 1925; x_wconf 88' lang='lat' dir='ltr'><strong>pium</strong></span> <span class='ocrx_word' id='word_1_33' title='bbox 1105 1855 1206 1906; x_wconf 87' lang='lat' dir='ltr'><strong>tutum</strong></span> <span class='ocrx_word' id='word_1_34' title='bbox 1226 1844 1301 1928; x_wconf 88' lang='lat' dir='ltr'><strong>glo-</strong></span> 
     </span>
     <span class='ocr_line' id='line_1_8' title="bbox 296 1936 1303 2029; baseline -0.001 -20"><span class='ocrx_word' id='word_1_35' title='bbox 296 1947 436 2022; x_wconf 87' lang='lat' dir='ltr'><strong>riosum,</strong></span> <span class='ocrx_word' id='word_1_36' title='bbox 461 1967 499 2008; x_wconf 86' lang='lat' dir='ltr'><strong>an</strong></span> <span class='ocrx_word' id='word_1_37' title='bbox 514 1944 698 2008; x_wconf 91' lang='lat' dir='ltr'><strong>indecorum</strong></span> <span class='ocrx_word' id='word_1_38' title='bbox 716 1945 768 2007; x_wconf 90' lang='lat' dir='ltr'><strong>sit.</strong></span> <span class='ocrx_word' id='word_1_39' title='bbox 814 1947 889 2007; x_wconf 85' lang='lat' dir='ltr'><strong>Tibi</strong></span> <span class='ocrx_word' id='word_1_40' title='bbox 910 1945 936 2008; x_wconf 92' lang='lat' dir='ltr'><strong>si</strong></span> <span class='ocrx_word' id='word_1_41' title='bbox 958 1936 1112 2028; x_wconf 78' lang='lat' dir='ltr'><strong>perpetua</strong></span> <span class='ocrx_word' id='word_1_42' title='bbox 1134 1967 1212 2029; x_wconf 88' lang='lat' dir='ltr'><strong>pace</strong></span> <span class='ocrx_word' id='word_1_43' title='bbox 1234 1945 1303 2008; x_wconf 85' lang='lat' dir='ltr'><strong>frui</strong></span> 
     </span>
     <span class='ocr_line' id='line_1_9' title="bbox 295 2046 1348 2134; baseline 0.003 -24"><span class='ocrx_word' id='word_1_44' title='bbox 295 2047 389 2123; x_wconf 87' lang='lat' dir='ltr'><strong>licet,</strong></span> <span class='ocrx_word' id='word_1_45' title='bbox 426 2046 485 2110; x_wconf 88' lang='lat' dir='ltr'><strong>uisi</strong></span> <span class='ocrx_word' id='word_1_46' title='bbox 506 2047 614 2124; x_wconf 75' lang='lat' dir='ltr'><strong>hostes</strong></span> <span class='ocrx_word' id='word_1_47' title='bbox 645 2047 820 2130; x_wconf 85' lang='lat' dir='ltr'><strong>opportuni</strong></span> <span class='ocrx_word' id='word_1_48' title='bbox 848 2059 880 2110; x_wconf 88' lang='lat' dir='ltr'><strong>et</strong></span> <span class='ocrx_word' id='word_1_49' title='bbox 902 2047 1142 2126; x_wconf 84' lang='lat' dir='ltr'><strong>scelestissumi,</strong></span> <span class='ocrx_word' id='word_1_50' title='bbox 1167 2050 1302 2134; x_wconf 82' lang='lat' dir='ltr'><strong>egregia</strong></span> <span class='ocrx_word' id='word_1_51' title='bbox 1331 2067 1348 2125; x_wconf 70' lang='lat'><strong><em>9</em></strong></span> 
     </span>
     <span class='ocr_line' id='line_1_10' title="bbox 295 2151 1301 2240; baseline 0.001 -25"><span class='ocrx_word' id='word_1_52' title='bbox 295 2151 397 2240; x_wconf 82' lang='lat' dir='ltr'><strong>lama,</strong></span> <span class='ocrx_word' id='word_1_53' title='bbox 422 2151 449 2214; x_wconf 90' lang='lat' dir='ltr'><strong>si</strong></span> <span class='ocrx_word' id='word_1_54' title='bbox 472 2151 638 2214; x_wconf 88' lang='lat' dir='ltr'><strong>Romanos</strong></span> <span class='ocrx_word' id='word_1_55' title='bbox 659 2151 877 2234; x_wconf 82' lang='lat' dir='ltr'><strong>oppresseris,</strong></span> <span class='ocrx_word' id='word_1_56' title='bbox 901 2153 1008 2214; x_wconf 88' lang='lat' dir='ltr'><strong>sutura</strong></span> <span class='ocrx_word' id='word_1_57' title='bbox 1027 2163 1092 2229; x_wconf 88' lang='lat' dir='ltr'><strong>est,</strong></span> <span class='ocrx_word' id='word_1_58' title='bbox 1116 2171 1219 2236; x_wconf 86' lang='lat' dir='ltr'><strong>neque</strong></span> <span class='ocrx_word' id='word_1_59' title='bbox 1241 2174 1301 2234; x_wconf 87' lang='lat' dir='ltr'><strong>pe-</strong></span> 
     </span>
     <span class='ocr_line' id='line_1_11' title="bbox 295 2254 1301 2328; baseline 0.003 -12"><span class='ocrx_word' id='word_1_60' title='bbox 295 2265 365 2318; x_wconf 87' lang='lat' dir='ltr'><strong>tere</strong></span> <span class='ocrx_word' id='word_1_61' title='bbox 386 2257 516 2318; x_wconf 81' lang='lat' dir='ltr'>audeam</span> <span class='ocrx_word' id='word_1_62' title='bbox 542 2254 727 2318; x_wconf 87' lang='lat' dir='ltr'><strong>societatem</strong></span> <span class='ocrx_word' id='word_1_63' title='bbox 749 2267 779 2318; x_wconf 89' lang='lat' dir='ltr'><strong>et</strong></span> <span class='ocrx_word' id='word_1_64' title='bbox 804 2255 921 2318; x_wconf 84' lang='lat' dir='ltr'><strong>lrttstra</strong></span> <span class='ocrx_word' id='word_1_65' title='bbox 943 2256 1027 2318; x_wconf 87' lang='lat' dir='ltr'><strong>mala</strong></span> <span class='ocrx_word' id='word_1_66' title='bbox 1048 2277 1121 2328; x_wconf 81' lang='lat' dir='ltr'><strong>mea</strong></span> <span class='ocrx_word' id='word_1_67' title='bbox 1139 2276 1210 2318; x_wconf 90' lang='lat' dir='ltr'><strong>cum</strong></span> <span class='ocrx_word' id='word_1_68' title='bbox 1234 2255 1301 2319; x_wconf 80' lang='lat' dir='ltr'><strong>tuis</strong></span> 
     </span>
    </p>

    <p class='ocr_par' dir='ltr' id='par_1_5' title="bbox 260 2357 1344 3268">
     <span class='ocr_line' id='line_1_12' title="bbox 260 2357 1302 2443; baseline 0.002 -23"><span class='ocrx_word' id='word_1_69' title='bbox 260 2357 390 2438; x_wconf 80' lang='lat' dir='ltr'><strong>2b0nis</strong></span> <span class='ocrx_word' id='word_1_70' title='bbox 422 2358 547 2421; x_wconf 82' lang='lat' dir='ltr'><strong>misceri</strong></span> <span class='ocrx_word' id='word_1_71' title='bbox 578 2379 715 2440; x_wconf 80' lang='lat' dir='ltr'><strong>sperem.</strong></span> <span class='ocrx_word' id='word_1_72' title='bbox 774 2359 883 2443; x_wconf 86' lang='lat' dir='ltr'><strong>Atque</strong></span> <span class='ocrx_word' id='word_1_73' title='bbox 916 2379 971 2432; x_wconf 88' lang='lat' dir='ltr'><strong>ea,</strong></span> <span class='ocrx_word' id='word_1_74' title='bbox 1009 2380 1090 2443; x_wconf 89' lang='lat' dir='ltr'><strong>quae</strong></span> <span class='ocrx_word' id='word_1_75' title='bbox 1122 2370 1153 2422; x_wconf 82' lang='lat' dir='ltr'><strong>te</strong></span> <span class='ocrx_word' id='word_1_76' title='bbox 1178 2357 1302 2422; x_wconf 84' lang='lat' dir='ltr'><strong>morari</strong></span> 
     </span>
     <span class='ocr_line' id='line_1_13' title="bbox 294 2459 1300 2546; baseline 0 -22"><span class='ocrx_word' id='word_1_77' title='bbox 294 2482 391 2546; x_wconf 88' lang='lat' dir='ltr'><strong>posse</strong></span> <span class='ocrx_word' id='word_1_78' title='bbox 412 2461 578 2537; x_wconf 89' lang='lat' dir='ltr'><strong>videntur,</strong></span> <span class='ocrx_word' id='word_1_79' title='bbox 600 2461 647 2524; x_wconf 90' lang='lat' dir='ltr'><strong>ira</strong></span> <span class='ocrx_word' id='word_1_80' title='bbox 668 2461 700 2524; x_wconf 92' lang='lat' dir='ltr'><strong>in</strong></span> <span class='ocrx_word' id='word_1_81' title='bbox 723 2460 897 2545; x_wconf 79' lang='lat' dir='ltr'><strong>Tigranem</strong></span> <span class='ocrx_word' id='word_1_82' title='bbox 913 2461 1049 2524; x_wconf 90' lang='lat' dir='ltr'><strong>recentis</strong></span> <span class='ocrx_word' id='word_1_83' title='bbox 1064 2459 1140 2525; x_wconf 90' lang='lat' dir='ltr'><strong>belli</strong></span> <span class='ocrx_word' id='word_1_84' title='bbox 1154 2473 1187 2525; x_wconf 88' lang='lat' dir='ltr'><strong>et</strong></span> <span class='ocrx_word' id='word_1_85' title='bbox 1208 2481 1300 2526; x_wconf 89' lang='lat' dir='ltr'><strong>meae</strong></span> 
     </span>
     <span class='ocr_line' id='line_1_14' title="bbox 293 2552 1344 2648; baseline 0 -20"><span class='ocrx_word' id='word_1_86' title='bbox 293 2585 347 2628; x_wconf 87' lang='lat' dir='ltr'><strong>res</strong></span> <span class='ocrx_word' id='word_1_87' title='bbox 369 2587 481 2647; x_wconf 87' lang='lat' dir='ltr'><strong>parum</strong></span> <span class='ocrx_word' id='word_1_88' title='bbox 509 2585 701 2648; x_wconf 85' lang='lat' dir='ltr'><strong>prosperae,</strong></span> <span class='ocrx_word' id='word_1_89' title='bbox 731 2552 759 2627; x_wconf 83' lang='lat' dir='ltr'><strong>si</strong></span> <span class='ocrx_word' id='word_1_90' title='bbox 768 2567 854 2627; x_wconf 80' lang='lat' dir='ltr'><strong>&#39;vera</strong></span> <span class='ocrx_word' id='word_1_91' title='bbox 878 2563 1069 2628; x_wconf 81' lang='lat' dir='ltr'><strong>existumare</strong></span> <span class='ocrx_word' id='word_1_92' title='bbox 1096 2563 1206 2642; x_wconf 89' lang='lat' dir='ltr'><strong>voles,</strong></span> <span class='ocrx_word' id='word_1_93' title='bbox 1230 2583 1344 2635; x_wconf 74' lang='lat' dir='ltr'><strong>mat-tn·</strong></span> 
     </span>
     <span class='ocr_line' id='line_1_15' title="bbox 293 2667 1299 2753; baseline 0.003 -23"><span class='ocrx_word' id='word_1_94' title='bbox 293 2689 389 2732; x_wconf 85' lang='lat' dir='ltr'><strong>xttme</strong></span> <span class='ocrx_word' id='word_1_95' title='bbox 411 2671 637 2732; x_wconf 86' lang='lat' dir='ltr'><strong>hortabuntur.</strong></span> <span class='ocrx_word' id='word_1_96' title='bbox 679 2669 740 2733; x_wconf 91' lang='lat' dir='ltr'><strong>Ille</strong></span> <span class='ocrx_word' id='word_1_97' title='bbox 764 2668 843 2732; x_wconf 91' lang='lat' dir='ltr'><strong>enim</strong></span> <span class='ocrx_word' id='word_1_98' title='bbox 864 2667 1023 2732; x_wconf 84' lang='lat' dir='ltr'><strong>obnoxius</strong></span> <span class='ocrx_word' id='word_1_99' title='bbox 1042 2667 1168 2753; x_wconf 89' lang='lat' dir='ltr'><strong>qualem</strong></span> <span class='ocrx_word' id='word_1_100' title='bbox 1182 2679 1218 2732; x_wconf 90' lang='lat' dir='ltr'><strong>tn</strong></span> <span class='ocrx_word' id='word_1_101' title='bbox 1235 2689 1299 2732; x_wconf 85' lang='lat' dir='ltr'><strong>vo·</strong></span> 
     </span>
     <span class='ocr_line' id='line_1_16' title="bbox 293 2769 1297 2853; baseline 0 -21"><span class='ocrx_word' id='word_1_102' title='bbox 293 2770 341 2833; x_wconf 91' lang='lat' dir='ltr'><strong>les</strong></span> <span class='ocrx_word' id='word_1_103' title='bbox 370 2771 552 2835; x_wconf 89' lang='lat' dir='ltr'><strong>societatem</strong></span> <span class='ocrx_word' id='word_1_104' title='bbox 586 2771 734 2853; x_wconf 81' lang='lat' dir='ltr'><strong>accipiet3</strong></span> <span class='ocrx_word' id='word_1_105' title='bbox 772 2771 846 2834; x_wconf 86' lang='lat' dir='ltr'><strong>mihi</strong></span> <span class='ocrx_word' id='word_1_106' title='bbox 877 2771 1028 2851; x_wconf 80' lang='lat' dir='ltr'><strong>lot-tuna,</strong></span> <span class='ocrx_word' id='word_1_107' title='bbox 1066 2769 1169 2833; x_wconf 90' lang='lat' dir='ltr'><strong>multis</strong></span> <span class='ocrx_word' id='word_1_108' title='bbox 1198 2773 1297 2833; x_wconf 85' lang='lat' dir='ltr'><strong>rebus</strong></span> 
     </span>
     <span class='ocr_line' id='line_1_17' title="bbox 295 2872 1299 2958; baseline 0.001 -23"><span class='ocrx_word' id='word_1_109' title='bbox 295 2872 429 2954; x_wconf 87' lang='lat' dir='ltr'><strong>creptis,</strong></span> <span class='ocrx_word' id='word_1_110' title='bbox 453 2895 542 2936; x_wconf 90' lang='lat' dir='ltr'><strong>nsum</strong></span> <span class='ocrx_word' id='word_1_111' title='bbox 563 2875 649 2936; x_wconf 86' lang='lat' dir='ltr'><strong>dedit</strong></span> <span class='ocrx_word' id='word_1_112' title='bbox 669 2875 749 2938; x_wconf 90' lang='lat' dir='ltr'><strong>bene</strong></span> <span class='ocrx_word' id='word_1_113' title='bbox 770 2873 937 2949; x_wconf 84' lang='lat' dir='ltr'><strong>suadendi3</strong></span> <span class='ocrx_word' id='word_1_114' title='bbox 969 2885 1015 2952; x_wconf 87' lang='lat' dir='ltr'><strong>et,</strong></span> <span class='ocrx_word' id='word_1_115' title='bbox 1046 2875 1134 2958; x_wconf 88' lang='lat' dir='ltr'><strong>quod</strong></span> <span class='ocrx_word' id='word_1_116' title='bbox 1151 2872 1299 2937; x_wconf 75' lang='lat' dir='ltr'><strong>florenti-</strong></span> 
     </span>
     <span class='ocr_line' id='line_1_18' title="bbox 293 2974 1297 3061; baseline 0 -23"><span class='ocrx_word' id='word_1_117' title='bbox 293 2974 354 3038; x_wconf 86' lang='lat' dir='ltr'><strong>bus</strong></span> <span class='ocrx_word' id='word_1_118' title='bbox 374 2975 513 3056; x_wconf 85' lang='lat' dir='ltr'><strong>optabile</strong></span> <span class='ocrx_word' id='word_1_119' title='bbox 530 2986 595 3052; x_wconf 88' lang='lat' dir='ltr'><strong>est,</strong></span> <span class='ocrx_word' id='word_1_120' title='bbox 620 2997 682 3061; x_wconf 89' lang='lat' dir='ltr'><strong>ego</strong></span> <span class='ocrx_word' id='word_1_121' title='bbox 704 2997 767 3039; x_wconf 91' lang='lat' dir='ltr'><strong>uon</strong></span> <span class='ocrx_word' id='word_1_122' title='bbox 787 2975 1008 3040; x_wconf 86' lang='lat' dir='ltr'><strong>validissumus</strong></span> <span class='ocrx_word' id='word_1_123' title='bbox 1027 2977 1168 3058; x_wconf 87' lang='lat' dir='ltr'><strong>praebeo</strong></span> <span class='ocrx_word' id='word_1_124' title='bbox 1188 2997 1297 3039; x_wconf 85' lang='lat' dir='ltr'><strong>exem·</strong></span> 
     </span>
     <span class='ocr_line' id='line_1_19' title="bbox 293 3062 1341 3164; baseline 0.009 -26"><span class='ocrx_word' id='word_1_125' title='bbox 293 3077 400 3160; x_wconf 92' lang='lat' dir='ltr'><strong>plum,</strong></span> <span class='ocrx_word' id='word_1_126' title='bbox 424 3098 489 3161; x_wconf 90' lang='lat' dir='ltr'><strong>quo</strong></span> <span class='ocrx_word' id='word_1_127' title='bbox 512 3078 629 3142; x_wconf 87' lang='lat' dir='ltr'><strong>rectius</strong></span> <span class='ocrx_word' id='word_1_128' title='bbox 657 3089 709 3142; x_wconf 87' lang='lat' dir='ltr'><strong>tua</strong></span> <span class='ocrx_word' id='word_1_129' title='bbox 731 3062 921 3162; x_wconf 80' lang='lat' dir='ltr'><strong>componas.</strong></span> <span class='ocrx_word' id='word_1_130' title='bbox 971 3080 1117 3164; x_wconf 82' lang='lat' dir='ltr'><strong>Namque</strong></span> <span class='ocrx_word' id='word_1_131' title='bbox 1140 3077 1341 3146; x_wconf 74' lang='lat' dir='ltr'><strong>Romanisls</strong></span> 
     </span>
     <span class='ocr_line' id='line_1_20' title="bbox 293 3179 1296 3268; baseline 0.001 -24"><span class='ocrx_word' id='word_1_132' title='bbox 293 3201 365 3244; x_wconf 85' lang='lat' dir='ltr'><strong>cum</strong></span> <span class='ocrx_word' id='word_1_133' title='bbox 388 3179 569 3246; x_wconf 86' lang='lat' dir='ltr'><strong>nationibus</strong></span> <span class='ocrx_word' id='word_1_134' title='bbox 583 3182 711 3266; x_wconf 89' lang='lat' dir='ltr'><strong>populis</strong></span> <span class='ocrx_word' id='word_1_135' title='bbox 730 3180 997 3268; x_wconf 70' lang='lat' dir='ltr'><strong>regibus&#39;cunctis</strong></span> <span class='ocrx_word' id='word_1_136' title='bbox 1013 3202 1074 3245; x_wconf 81' lang='lat' dir='ltr'><strong>tina</strong></span> <span class='ocrx_word' id='word_1_137' title='bbox 1093 3194 1125 3246; x_wconf 87' lang='lat' dir='ltr'><strong>et</strong></span> <span class='ocrx_word' id='word_1_138' title='bbox 1144 3201 1181 3247; x_wconf 87' lang='lat' dir='ltr'><strong>ea</strong></span> <span class='ocrx_word' id='word_1_139' title='bbox 1204 3193 1296 3248; x_wconf 84' lang='lat' dir='ltr'><strong>vetus</strong></span> 
     </span>
    </p>
   </div>
   <div class='ocr_carea' id='block_1_5' title="bbox 329 3323 918 3416">
    <p class='ocr_par' dir='ltr' id='par_1_6' title="bbox 329 3323 918 3416">
     <span class='ocr_line' id='line_1_21' title="bbox 329 3323 918 3416; baseline 0.008 -19"><span class='ocrx_word' id='word_1_140' title='bbox 329 3347 354 3399; x_wconf 85' lang='grc'><strong>3.</strong></span> <span class='ocrx_word' id='word_1_141' title='bbox 375 3343 497 3412; x_wconf 82' lang='lat' dir='ltr'><strong>quaeritur</strong></span> <span class='ocrx_word' id='word_1_142' title='bbox 533 3352 558 3404; x_wconf 78' lang='lat'><strong>5.</strong></span> <span class='ocrx_word' id='word_1_143' title='bbox 579 3323 765 3402; x_wconf 79' lang='lat' dir='ltr'><strong>seeleralissumi</strong></span> <span class='ocrx_word' id='word_1_144' title='bbox 803 3355 828 3402; x_wconf 84' lang='lat'><strong>8.</strong></span> <span class='ocrx_word' id='word_1_145' title='bbox 846 3357 918 3416; x_wconf 77' lang='lat' dir='ltr'><strong>Atqui</strong></span> 
     </span>
    </p>
   </div>
   <div class='ocr_carea' id='block_1_6' title="bbox 247 3502 1297 4332">
    <p class='ocr_par' dir='ltr' id='par_1_7' title="bbox 290 3502 1297 3954">
     <span class='ocr_line' id='line_1_22' title="bbox 349 3502 1296 3580; baseline -0.001 -20"><span class='ocrx_word' id='word_1_146' title='bbox 349 3502 373 3569; x_wconf 81' lang='lat'><strong>§-</strong></span> <span class='ocrx_word' id='word_1_147' title='bbox 395 3509 421 3560; x_wconf 83' lang='lat'><strong>1.</strong></span> <span class='ocrx_word' id='word_1_148' title='bbox 441 3503 598 3576; x_wconf 77' lang='lat' dir='ltr'><strong>quaesitor]</strong></span> <span class='ocrx_word' id='word_1_149' title='bbox 619 3505 725 3559; x_wconf 79' lang='lat' dir='ltr'><strong>Phocea</strong></span> <span class='ocrx_word' id='word_1_150' title='bbox 753 3505 878 3561; x_wconf 87' lang='lat' dir='ltr'><strong>Putscbii</strong></span> <span class='ocrx_word' id='word_1_151' title='bbox 899 3523 927 3580; x_wconf 84' lang='lat' dir='ltr'><strong>p.</strong></span> <span class='ocrx_word' id='word_1_152' title='bbox 948 3503 1037 3564; x_wconf 55' lang='grc' dir='ltr'><strong>1718.γ</strong></span> <span class='ocrx_word' id='word_1_153' title='bbox 1081 3505 1207 3575; x_wconf 82' lang='lat' dir='ltr'><strong>Quaeso,</strong></span> <span class='ocrx_word' id='word_1_154' title='bbox 1232 3509 1296 3578; x_wconf 80' lang='lat' dir='ltr'><strong>pri-</strong></span> 
     </span>
     <span class='ocr_line' id='line_1_23' title="bbox 292 3579 1297 3652; baseline 0.002 -22"><span class='ocrx_word' id='word_1_155' title='bbox 292 3590 368 3630; x_wconf 84' lang='lat' dir='ltr'><strong>mam</strong></span> <span class='ocrx_word' id='word_1_156' title='bbox 384 3595 536 3650; x_wconf 82' lang='lat' dir='ltr'><strong>personam</strong></span> <span class='ocrx_word' id='word_1_157' title='bbox 556 3581 638 3633; x_wconf 87' lang='lat' dir='ltr'><strong>habet</strong></span> <span class='ocrx_word' id='word_1_158' title='bbox 658 3580 805 3636; x_wconf 86' lang='lat' dir='ltr'><strong>indicativi</strong></span> <span class='ocrx_word' id='word_1_159' title='bbox 817 3579 893 3634; x_wconf 89' lang='lat' dir='ltr'><strong>modi</strong></span> <span class='ocrx_word' id='word_1_160' title='bbox 907 3579 1048 3634; x_wconf 77' lang='lat' dir='ltr'><strong>dumtaxat</strong></span> <span class='ocrx_word' id='word_1_161' title='bbox 1058 3579 1152 3650; x_wconf 72' lang='lat' dir='ltr'><strong>„licet</strong></span> <span class='ocrx_word' id='word_1_162' title='bbox 1164 3593 1297 3652; x_wconf 82' lang='lat' dir='ltr'><strong>quaesere</strong></span> 
     </span>
     <span class='ocr_line' id='line_1_24' title="bbox 292 3651 1296 3727; baseline 0.006 -23"><span class='ocrx_word' id='word_1_163' title='bbox 292 3651 395 3705; x_wconf 84' lang='lat' dir='ltr'><strong>lectum</strong></span> <span class='ocrx_word' id='word_1_164' title='bbox 425 3659 462 3706; x_wconf 84' lang='lat' dir='ltr'><strong>eit</strong></span> <span class='ocrx_word' id='word_1_165' title='bbox 491 3655 562 3727; x_wconf 86' lang='lat' dir='ltr'><strong>apud</strong></span> <span class='ocrx_word' id='word_1_166' title='bbox 592 3655 742 3721; x_wconf 85' lang='lat' dir='ltr'><strong>Salustium</strong></span> <span class='ocrx_word' id='word_1_167' title='bbox 771 3671 797 3710; x_wconf 87' lang='lat' dir='ltr'><strong>et</strong></span> <span class='ocrx_word' id='word_1_168' title='bbox 818 3657 943 3710; x_wconf 86' lang='lat' dir='ltr'><strong>Tullium</strong></span> <span class='ocrx_word' id='word_1_169' title='bbox 969 3661 1011 3724; x_wconf 89' lang='lat' dir='ltr'><strong>(in</strong></span> <span class='ocrx_word' id='word_1_170' title='bbox 1042 3658 1150 3718; x_wconf 68' lang='lat' dir='ltr'><strong>Arateis</strong></span> <span class='ocrx_word' id='word_1_171' title='bbox 1170 3677 1195 3711; x_wconf 74' lang='lat' dir='ltr'><strong>v.</strong></span> <span class='ocrx_word' id='word_1_172' title='bbox 1214 3659 1296 3722; x_wconf 82' lang='lat'>252.)</span> 
     </span>
     <span class='ocr_line' id='line_1_25' title="bbox 292 3727 1296 3806; baseline 0 -24"><span class='ocrx_word' id='word_1_173' title='bbox 292 3729 364 3782; x_wconf 89' lang='lat' dir='ltr'><strong>Tum</strong></span> <span class='ocrx_word' id='word_1_174' title='bbox 387 3727 522 3783; x_wconf 78' lang='lat' dir='ltr'><strong>Salustius</strong></span> <span class='ocrx_word' id='word_1_175' title='bbox 544 3733 614 3784; x_wconf 85' lang='lat' dir='ltr'><strong>Hist.</strong></span> <span class='ocrx_word' id='word_1_176' title='bbox 635 3731 696 3786; x_wconf 90' lang='lat' dir='ltr'><strong>Lib.</strong></span> <span class='ocrx_word' id='word_1_177' title='bbox 717 3734 873 3806; x_wconf 77' lang='lat' dir='ltr'><strong>1.Fragm.</strong></span> <span class='ocrx_word' id='word_1_178' title='bbox 894 3737 937 3788; x_wconf 81' lang='lat'><strong>17.</strong></span> <span class='ocrx_word' id='word_1_179' title='bbox 958 3750 985 3804; x_wconf 87' lang='lat' dir='ltr'><strong>p.</strong></span> <span class='ocrx_word' id='word_1_180' title='bbox 1005 3729 1069 3790; x_wconf 79' lang='lat'><strong>2&#39;19.</strong></span> <span class='ocrx_word' id='word_1_181' title='bbox 1089 3731 1165 3786; x_wconf 85' lang='lat' dir='ltr'><strong>Gerl.</strong></span> <span class='ocrx_word' id='word_1_182' title='bbox 1189 3729 1296 3784; x_wconf 83' lang='lat' dir='ltr'><strong>Curio-</strong></span> 
     </span>
     <span class='ocr_line' id='line_1_26' title="bbox 291 3799 1295 3880; baseline 0.004 -25"><span class='ocrx_word' id='word_1_183' title='bbox 291 3821 354 3855; x_wconf 82' lang='lat' dir='ltr'><strong>nem</strong></span> <span class='ocrx_word' id='word_1_184' title='bbox 373 3807 511 3875; x_wconf 85' lang='lat' dir='ltr'><strong>quaesivit</strong></span> <span class='ocrx_word' id='word_1_185' title='bbox 531 3803 682 3879; x_wconf 83' lang='lat' dir='ltr'><strong>(rogavit),</strong></span> <span class='ocrx_word' id='word_1_186' title='bbox 703 3813 745 3861; x_wconf 83' lang='lat' dir='ltr'><strong>uti</strong></span> <span class='ocrx_word' id='word_1_187' title='bbox 762 3809 964 3859; x_wconf 81' lang='lat' dir='ltr'><strong>adtelesceutiar</strong></span> <span class='ocrx_word' id='word_1_188' title='bbox 988 3815 1016 3860; x_wconf 84' lang='lat' dir='ltr'><strong>et</strong></span> <span class='ocrx_word' id='word_1_189' title='bbox 1028 3807 1125 3880; x_wconf 80' lang='lat' dir='ltr'><strong>populi</strong></span> <span class='ocrx_word' id='word_1_190' title='bbox 1143 3799 1295 3876; x_wconf 78' lang='lat' dir='ltr'><strong>suffiagiis&#39;</strong></span> 
     </span>
     <span class='ocr_line' id='line_1_27' title="bbox 290 3881 1238 3954; baseline 0.004 -22"><span class='ocrx_word' id='word_1_191' title='bbox 290 3883 420 3947; x_wconf 78' lang='lat' dir='ltr'><strong>integer,</strong></span> <span class='ocrx_word' id='word_1_192' title='bbox 441 3885 531 3931; x_wconf 84' lang='lat' dir='ltr'><strong>aetati</strong></span> <span class='ocrx_word' id='word_1_193' title='bbox 550 3882 712 3934; x_wconf 83' lang='lat' dir='ltr'><strong>concederet</strong></span> <span class='ocrx_word' id='word_1_194' title='bbox 730 3883 879 3936; x_wconf 85' lang='lat' dir='ltr'><strong>Mamerci.</strong></span> <span class='ocrx_word' id='word_1_195' title='bbox 899 3911 936 3924; x_wconf 94' lang='lat'>—</span> <span class='ocrx_word' id='word_1_196' title='bbox 954 3881 1049 3936; x_wconf 81' lang='lat' dir='ltr'><strong>ltostec</strong></span> <span class='ocrx_word' id='word_1_197' title='bbox 1067 3886 1238 3954; x_wconf 81' lang='lat' dir='ltr'><strong>opportuni?</strong></span> 
     </span>
    </p>

    <p class='ocr_par' dir='ltr' id='par_1_8' title="bbox 291 3953 1295 4255">
     <span class='ocr_line' id='line_1_28' title="bbox 347 3953 1295 4031; baseline 0.004 -27"><span class='ocrx_word' id='word_1_198' title='bbox 347 3956 372 4022; x_wconf 84' lang='lat'><strong>§.</strong></span> <span class='ocrx_word' id='word_1_199' title='bbox 395 3961 422 4012; x_wconf 81' lang='grc'><strong>2.</strong></span> <span class='ocrx_word' id='word_1_200' title='bbox 442 3953 602 4006; x_wconf 77' lang='lat' dir='ltr'><strong>obnoxius?</strong></span> <span class='ocrx_word' id='word_1_201' title='bbox 629 3985 667 4000; x_wconf 93' lang='grc'><strong>-</strong></span> <span class='ocrx_word' id='word_1_202' title='bbox 696 3958 795 4031; x_wconf 81' lang='lat' dir='ltr'><strong>cupido</strong></span> <span class='ocrx_word' id='word_1_203' title='bbox 811 3957 981 4031; x_wconf 83' lang='lat' dir='ltr'><strong>profunda?</strong></span> <span class='ocrx_word' id='word_1_204' title='bbox 1004 3984 1034 4000; x_wconf 80' lang='lat'><strong>-—</strong></span> <span class='ocrx_word' id='word_1_205' title='bbox 1064 3955 1140 4028; x_wconf 89' lang='lat' dir='ltr'><strong>Quid</strong></span> <span class='ocrx_word' id='word_1_206' title='bbox 1162 3954 1295 4009; x_wconf 86' lang='lat' dir='ltr'><strong>iudican-</strong></span> 
     </span>
     <span class='ocr_line' id='line_1_29' title="bbox 291 4023 1295 4102; baseline 0.006 -22"><span class='ocrx_word' id='word_1_207' title='bbox 291 4023 359 4081; x_wconf 88' lang='lat' dir='ltr'><strong>dum</strong></span> <span class='ocrx_word' id='word_1_208' title='bbox 381 4028 415 4084; x_wconf 90' lang='lat' dir='ltr'><strong>de</strong></span> <span class='ocrx_word' id='word_1_209' title='bbox 436 4030 491 4083; x_wconf 88' lang='lat' dir='ltr'><strong>hoc</strong></span> <span class='ocrx_word' id='word_1_210' title='bbox 510 4031 600 4084; x_wconf 82' lang='lat' dir='ltr'><strong>Curtii</strong></span> <span class='ocrx_word' id='word_1_211' title='bbox 620 4030 739 4086; x_wconf 90' lang='lat' dir='ltr'><strong>iudicio:</strong></span> <span class='ocrx_word' id='word_1_212' title='bbox 762 4043 880 4100; x_wconf 65' lang='lat' dir='ltr'><strong>,tracto</strong></span> <span class='ocrx_word' id='word_1_213' title='bbox 901 4032 1017 4088; x_wconf 77' lang='lat' dir='ltr'><strong>fortasse</strong></span> <span class='ocrx_word' id='word_1_214' title='bbox 1037 4049 1094 4086; x_wconf 90' lang='lat' dir='ltr'><strong>non</strong></span> <span class='ocrx_word' id='word_1_215' title='bbox 1113 4028 1295 4102; x_wconf 81' lang='lat' dir='ltr'><strong>mutandum,</strong></span> 
     </span>
     <span class='ocr_line' id='line_1_30' title="bbox 291 4105 1294 4183; baseline 0.006 -28"><span class='ocrx_word' id='word_1_216' title='bbox 291 4119 323 4158; x_wconf 88' lang='lat' dir='ltr'><strong>ut</strong></span> <span class='ocrx_word' id='word_1_217' title='bbox 343 4105 481 4178; x_wconf 75' lang='lat' dir='ltr'><strong>significet</strong></span> <span class='ocrx_word' id='word_1_218' title='bbox 507 4107 645 4160; x_wconf 79' lang='lat' dir='ltr'><strong>Romanos</strong></span> <span class='ocrx_word' id='word_1_219' title='bbox 675 4108 834 4183; x_wconf 85' lang='lat' dir='ltr'><strong>Philippum</strong></span> <span class='ocrx_word' id='word_1_220' title='bbox 862 4108 971 4165; x_wconf 87' lang='lat' dir='ltr'><strong>tandem</strong></span> <span class='ocrx_word' id='word_1_221' title='bbox 998 4114 1028 4162; x_wconf 90' lang='lat' dir='ltr'><strong>in</strong></span> <span class='ocrx_word' id='word_1_222' title='bbox 1050 4111 1211 4162; x_wconf 86' lang='lat' dir='ltr'><strong>societatem</strong></span> <span class='ocrx_word' id='word_1_223' title='bbox 1232 4121 1294 4161; x_wconf 85' lang='lat' dir='ltr'><strong>tra-</strong></span> 
     </span>
     <span class='ocr_line' id='line_1_31' title="bbox 291 4182 1293 4255; baseline 0.005 -25"><span class='ocrx_word' id='word_1_224' title='bbox 291 4183 378 4246; x_wconf 80' lang='lat' dir='ltr'><strong>xime,</strong></span> <span class='ocrx_word' id='word_1_225' title='bbox 399 4186 510 4254; x_wconf 82' lang='lat' dir='ltr'><strong>eiusque</strong></span> <span class='ocrx_word' id='word_1_226' title='bbox 524 4197 607 4255; x_wconf 84' lang='lat' dir='ltr'><strong>opera</strong></span> <span class='ocrx_word' id='word_1_227' title='bbox 618 4185 714 4238; x_wconf 77' lang='lat' dir='ltr'><strong>vicisse</strong></span> <span class='ocrx_word' id='word_1_228' title='bbox 728 4185 908 4241; x_wconf 80' lang='lat' dir='ltr'><strong>Antiochum.</strong></span> <span class='ocrx_word' id='word_1_229' title='bbox 922 4185 981 4238; x_wconf 85' lang='lat' dir='ltr'><strong>Liv.</strong></span> <span class='ocrx_word' id='word_1_230' title='bbox 997 4187 1050 4244; x_wconf 76' lang='lat'><strong>59,</strong></span> <span class='ocrx_word' id='word_1_231' title='bbox 1071 4183 1134 4248; x_wconf 80' lang='lat'>28.;</span> <span class='ocrx_word' id='word_1_232' title='bbox 1156 4182 1184 4238; x_wconf 90' lang='lat' dir='ltr'><strong>id</strong></span> <span class='ocrx_word' id='word_1_233' title='bbox 1196 4197 1293 4238; x_wconf 80' lang='lat' dir='ltr'><strong>caueae</strong></span> 
     </span>
    </p>

    <p class='ocr_par' dir='ltr' id='par_1_9' title="bbox 247 4255 1123 4332">
     <span class='ocr_line' id='line_1_32' title="bbox 247 4255 1123 4332; baseline 0.001 -22"><span class='ocrx_word' id='word_1_234' title='bbox 247 4267 251 4274; x_wconf 85' lang='grc'><strong>’</strong></span> <span class='ocrx_word' id='word_1_235' title='bbox 291 4269 320 4310; x_wconf 84' lang='lat' dir='ltr'><strong>et</strong></span> <span class='ocrx_word' id='word_1_236' title='bbox 340 4257 457 4314; x_wconf 81' lang='lat' dir='ltr'><strong>consilio</strong></span> <span class='ocrx_word' id='word_1_237' title='bbox 476 4255 650 4316; x_wconf 85' lang='lat' dir='ltr'><strong>Mithridatis</strong></span> <span class='ocrx_word' id='word_1_238' title='bbox 670 4262 759 4332; x_wconf 80' lang='lat' dir='ltr'><strong>magis</strong></span> <span class='ocrx_word' id='word_1_239' title='bbox 779 4267 879 4320; x_wconf 82' lang='lat' dir='ltr'><strong>servire</strong></span> <span class='ocrx_word' id='word_1_240' title='bbox 899 4255 1045 4318; x_wconf 81' lang='lat' dir='ltr'><strong>videtur:&#39;&#39;</strong></span> <span class='ocrx_word' id='word_1_241' title='bbox 1068 4259 1123 4312; x_wconf 81' lang='lat' dir='ltr'><strong>——l</strong></span> 
     </span>
    </p>
   </div>
   <div class='ocr_carea' id='block_1_7' title="bbox 0 0 1428 4928">
    <p class='ocr_par' dir='ltr' id='par_1_10' title="bbox 0 0 1428 4928">
     <span class='ocr_line' id='line_1_33' title="bbox 0 0 1428 4928; baseline 0 2"><span class='ocrx_word' id='word_1_242' title='bbox 0 0 1428 4928; x_wconf 95' lang='lat' dir='ltr'><strong> </strong></span> 
     </span>
    </p>
   </div>
  </div>
 </body>
</html>
