2848 4928
321 1065 749 1146 nn1sT0nncn.
787 1065 1021 1162 nonest

645 1257 696 1302 an
799 1245 802 1256 '

490 1390 853 1472 senatum

576 1577 762 1592 —1

230 1708 266 1774 Si
287 1710 443 1772 advorsus
465 1726 524 1771 vos
545 1705 744 1790 patriamque
766 1714 799 1768 et
818 1705 895 1770 deos
911 1703 1034 1789 penatis
1054 1717 1104 1772 tot
1122 1701 1203 1780 la-1

165 1817 263 1880 bores
280 1821 321 1876 ¹et
345 1809 488 1894 pericula
508 1809 737 1893 suscepissem,
762 1806 909 1892 quotiens
931 1809 1070 1892 aprima
1093 1813 1169 1874 adu·

163 1901 314 1980 lescentia
337 1916 435 1978 ductu
462 1933 533 1978 meo
560 1910 781 1975 scelestissumi
804 1911 913 1982 hostes
937 1911 999 1975 lusi
1022 1923 1053 1978 ct
1075 1913 1169 1978 vobis

164 2020 249 2082 salus
270 2015 411 2102 quaesita
439 2027 502 2092 est,
534 2013 612 2079 nihil
635 2013 779 2095 amplius
793 2014 825 2077 in
847 2015 1007 2078 absentem
1032 2037 1080 2080 me
1104 2028 1169 2080 sta·

139 2119 320 2194 stetissetis,
345 2140 439 2204 quarn
459 2107 561 2190 adhuc
581 2117 693 2202 agitis,
718 2117 832 2180 Patres
858 2117 1049 2199 conscripti,
1074 2142 1168 2205 quem

164 2236 278 2288 contra
295 2234 430 2286 aetatem
455 2220 635 2304 proiectum
657 2223 696 2282 ad
715 2220 833 2283 bellurn
849 2219 1076 2285 saevissumum
1095 2244 1167 2290 cum

131 2333 135 2346 '
162 2327 307 2390 exercitu
321 2311 452 2408 'optume
472 2324 603 2401 merito,
635 2333 785 2408 quantum
800 2335 847 2385 est
869 2322 899 2386 in
926 2323 1037 2400 vobis,
1064 2324 1165 2404 farne,

161 2431 347 2495 miserruma
361 2429 500 2492 omnium
517 2439 636 2502 morte,
659 2425 855 2490 confecistis.
900 2429 972 2492 Hae
986 2427 1016 2490 in
1032 2449 1089 2510 spe
1105 2448 1167 2511 po.

161 2534 255 2614 pnlus
284 2535 448 2598 Romanus
478 2532 598 2594 liberos
631 2551 707 2593 suos
737 2532 775 2591 ad
801 2530 917 2592 bellum
947 2530 1053 2594 misit?
1087 2533 1167 2595 haee

121 2646 235 2698 tosunt
254 2634 393 2716 praemia
422 2654 484 2715 pro
507 2632 691 2696 volneribus
714 2643 746 2694 et
766 2630 885 2694 totiens
906 2633 948 2696 ob
972 2653 1039 2696 rem
1061 2632 1167 2714 publi·-

162 2759 229 2800 eam
249 2738 322 2800 luso
344 2733 522 2818 sanguine?
545 2735 662 2813 Fessus
687 2731 861 2798 scribundo
878 2732 1096 2817 mittundoque
1118 2729 1200 2808 le-2

161 2853 254 2924 gatos
280 2837 381 2905 omnis
411 2858 489 2920 opes
516 2849 547 2901 et
581 2857 654 2918 spes
678 2835 821 2917 privatas
850 2857 933 2898 meas
959 2838 1163 2920 consumpsi,

161 2964 256 3026 quom
280 2940 407 3006 interim
430 2962 448 3004 a
471 2939 563 3004 rolris
585 2959 647 3021 pet·
667 2937 837 3002 triennium
864 2938 918 3002 vix
938 2961 1057 3003 annuus
1080 2963 1165 3004 sum·

159 3059 232 3125 ptus
257 3049 347 3108 datus
372 3055 433 3108 est.
484 3045 550 3108 Pet·
574 3045 651 3106 deos
672 3041 875 3118 immortalis,
900 3055 1004 3108 tttrnm
1029 3044 1163 3106 censetis

121 3161 150 3207 15
161 3171 209 3212 me
229 3149 327 3212 vicem
344 3147 447 3212 aerari
461 3159 642 3228 praestate,
667 3167 706 3210 an
724 3145 899 3208 exercitum
921 3145 987 3208 sine
1002 3145 1162 3211 frumento

161 3261 193 3312 et
218 3251 377 3334 stipendio
403 3252 524 3314 habere
543 3248 664 3337 posse?
686 3247 843 3331 Equidem
861 3247 966 3312 fateor
980 3269 1029 3311 me
1045 3251 1084 3313 ad
1097 3249 1196 3328 hoc3
1289 3296 1295 3311 .

217 3419 241 3486 §.
262 3426 286 3476 1.
307 3426 351 3470 tet
364 3450 382 3461 -
394 3451 413 3461 -
425 3418 571 3492 quotiens?
589 3447 627 3462 -
647 3427 748 3470 contra
766 3418 912 3472 aetatem?
932 3446 968 3461 -
984 3417 1159 3489 proiectum?

160 3523 197 3537 -
216 3495 279 3544 Hae
298 3498 328 3544 im
347 3495 413 3562 spe?
450 3499 493 3549 An
513 3493 611 3546 ltacine
631 3494 699 3566 spe?

216 3571 241 3636 ᾗ.
262 3574 290 3624 2.
309 3572 399 3620 vicem
417 3575 513 3621 aerari
528 3570 699 3641 praestare?

216 3647 241 3715 ᾗ,
263 3651 289 3704 5.
309 3649 407 3715 quippe
426 3650 473 3715 qui
491 3675 510 3688 -
529 3649 686 3717 -paravit
717 3640 769 3696 olr.
790 3643 875 3696 Catil.
888 3593 941 3703 a
988 3643 1047 3717 lug.
1069 3653 1093 3706 7.
1115 3646 1159 3701 ll.

161 3726 205 3788 28.
226 3726 272 3780 48·
295 3723 340 3776 54.
364 3721 407 3777 76.
428 3722 487 3777 86.:
513 3739 579 3772 num
600 3721 655 3773 hoc
676 3719 856 3772 Tullianum?
875 3749 912 3764 -
932 3718 1011 3773 Unde
1031 3735 1090 3772 orta
1118 3733 1160 3772 est

160 3795 339 3867 interpolatio
362 3792 430 3846 Edd.
453 3795 535 3866 aliq:
564 3801 647 3848 novis
668 3793 777 3865 quidem
796 3794 950 3846 militibus?
973 3823 1010 3838 -
1040 3797 1164 3863 Quomo-

160 3869 195 3922 do
216 3887 307 3944 potest
325 3867 433 3922 delendi
454 3868 538 3922 lectio
551 3869 639 3925 Codd.
659 3867 824 3940 hiememque
836 3875 940 3922 castris
953 3887 968 3922 a
982 3887 1026 3921 nae
1037 3872 1163 3939 recepta?

159 3949 262 4017 Utique
283 3947 342 4017 lug.
362 3951 425 4001 100.
445 3943 560 3996 tiberne
579 3977 598 3989 -
611 3977 630 3990 -
649 3949 680 3996 itt
698 3946 807 4014 oppidis
825 3951 986 3998 maritumis
1005 3959 1091 4010 agere
1109 3944 1163 3994 de·
1269 3945 1271 3950 ’

160 4031 300 4074 creverat.
310 4050 348 4061 —
357 4038 393 4071 ex
404 4019 554 4072 ambitione
565 4020 648 4072 mea-⁷
661 4045 697 4061 -
711 4020 822 4090 Oppida
835 4027 929 4072 excisa
940 4033 1097 4071 constanter
1108 4034 1163 4070 an-

161 4101 250 4165 tiqui,
276 4095 375 4148 saltem
403 4093 541 4162 Codices,
575 4109 714 4166 nunqnam
737 4102 870 4150 exscisso.
910 4096 1012 4148 Contra
1034 4094 1162 4163 oppidum

160 4170 323 4222 exscindere
343 4187 427 4241 aeque
448 4185 524 4225 recte
544 4169 647 4226 dicitur
667 4186 749 4244 utque
769 4173 905 4226 excidere.
957 4167 1012 4223 cfr.
1034 4170 1161 4224 Ochsner

159 4245 219 4298 Ecl.
240 4247 300 4300 Cic.
320 4265 347 4318 p.
367 4251 432 4306 500.
