2848 4928
1131 393 1167 494 al

172 587 335 642 contracta
356 574 579 652 toleravimus,
613 593 722 639 mauris
744 573 941 638 conserentis
955 571 1038 638 inter
1053 555 1173 638 seito-

172 701 280 743 manos
303 678 462 742 exercitus
484 690 516 742 et
538 699 624 741 arma
646 681 685 740 ab
708 677 848 740 externis
869 678 901 742 in
923 688 1046 740 nosmet
1062 697 1170 739 uorsa.

173 783 336 846 Scelerum
352 781 657 846 etcontumeliarum
680 781 817 845 omnium
841 779 981 845 ficissit.
1026 780 1172 860 erorum
1276 771 1279 780 ’

172 889 251 948 adeo
273 886 390 949 Sullam
413 908 476 949 uon
495 884 655 966 poenitet,
679 896 715 946 ut
736 897 767 948 et
787 885 872 947 lacta
890 884 920 946 in
939 882 1045 968 gloria
1062 903 1170 946 uume-

146 1000 222 1058 5ret
242 1000 288 1064 et,
315 988 341 1050 si
362 989 470 1063 liceat,
495 987 616 1050 avidius
637 988 761 1051 fecerit.
923 1059 925 1062 ¹

234 1093 347 1174 Neque
367 1090 427 1152 iam
451 1091 526 1176 quid
553 1090 745 1154 existumetis
769 1073 806 1155 de
829 1090 910 1167 illo,
946 1091 1003 1153 scd
1023 1085 1206 1173 quantum9

172 1195 310 1258 audeatis
333 1216 467 1268 vereor3
501 1215 540 1258 ne
568 1193 645 1258 alius
675 1194 767 1258 alium
791 1193 966 1277 principem
985 1205 1174 1274 exspectan·

170 1309 218 1362 tes
246 1297 502 1380 antecapiarnini‚
539 1319 602 1362 non
637 1299 750 1379 opibus
784 1297 871 1373 eius,
912 1318 991 1380 quae
1012 1297 1118 1366 futiles
1142 1308 1175 1361 et

170 1412 341 1482 corruptae
369 1414 458 1477 stant,
501 1405 557 1478 sed
585 1413 691 1466 vestra
719 1401 882 1478 secordia,
923 1423 1016 1485 quam
1048 1412 1174 1482 raptum

129 1503 215 1568 inire
244 1505 318 1568 licet
344 1505 391 1579 ei,
430 1527 522 1590 quem
558 1506 643 1568 haud
673 1507 790 1586 pudeat
821 1517 881 1568 tam
908 1503 1012 1570 videri
1033 1503 1173 1571 felicem.

170 1607 251 1674 Nam
274 1619 403 1688 praeter
425 1607 576 1671 satellites
599 1609 845 1676 commaculatos
862 1607 931 1690 quis
955 1609 1063 1678 cadem
1080 1605 1176 1669 volt?

171 1721 225 1772 aut
246 1710 316 1793 quis
338 1732 402 1773 non
433 1695 537 1774 omniu
558 1721 678 1776 mrrtata
707 1721 834 1791 praeter
864 1708 1055 1774 victoriam?
1084 1707 1176 1772 Seili-

172 1823 221 1874 cet
243 1813 375 1876 milites:
401 1835 538 1898 quiorurn
555 1812 707 1897 sanguine
724 1813 860 1876 Tarulae
877 1811 1076 1896 Seyrtoque,
1101 1831 1175 1893 pes·
1198 1803 1203 1812 ¹

172 1914 267 1978 sumis
296 1937 484 1994 servorum,
524 1899 652 1981 divitiae
679 1927 792 1998 partae
822 1926 912 1988 snnt;
958 1937 1014 1992 an,
1060 1914 1176 1997 quibus

130 2019 329 2101 rspraelatus
360 2019 392 2084 iu
418 2019 653 2104 magistratibus
684 2018 846 2100 capiundis
869 2019 1033 2094 Fufidius,
1065 2019 1178 2086 aneilla

171 2123 291 2203 turpis,
330 2125 490 2185 honorum
521 2121 658 2186 omnium
692 2121 1030 2188 dehonestamentum?
1063 2122 1178 2204 Itaque

171 2247 350 2288 maxumam
374 2224 449 2290 mihi
465 2225 612 2288 fiduciam
628 2225 711 2306 parit
730 2225 836 2291 victor
851 2225 1030 2300 exercitus,
1055 2225 1178 2308 eui'per

171 2339 222 2390 tot
243 2328 376 2392 volnera
399 2341 431 2392 et
459 2322 587 2393 lab'ores
613 2327 690 2390 nihil
710 2340 840 2410 praeter
862 2339 1027 2408 tyrannum
1051 2327 1179 2410 quaesi·

160 2442 237 2492 itum
262 2443 321 2494 est.
367 2431 435 2494 Nisi
462 2430 550 2494 forte
581 2430 781 2493 tribuniciam
809 2442 999 2522 potestatem
1027 2451 1179 2495 evorsum

127 2533 311 2614 zoprofecti
334 2545 406 2596 stunt
431 2555 491 2616 per
516 2555 621 2610 arma,
653 2534 812 2596 conditam
839 2554 855 2597 a
887 2523 1060 2598 maioiibus
1090 2531 1176 2608 suis,

66 2693 83 2708 „¹
172 2635 281 2718 ntique
307 2635 376 2697 iura
405 2649 436 2698 et
460 2635 577 2698 iudicia
602 2635 728 2698 sibimet
761 2648 1008 2719 extorquerent3
1046 2632 1179 2720 egregia

172 2736 294 2800 seilicet
316 2739 486 2816 mercede,
525 2759 619 2822 quum
642 2737 779 2822 relegati
800 2737 832 2800 in
867 2741 999 2820 paludcs
1026 2749 1056 2802 et
1081 2738 1179 2801 silvas

172 2839 394 2904 contumeliam
417 2849 512 2917 atque
533 2838 681 2903 invidiam
698 2860 803 2917 suam,
827 2841 970 2922 praemia
988 2863 1085 2924 penes
1099 2863 1179 2924 pau·

172 2962 229 3006 eos
250 2940 477 3026 intellegeriut.
538 2943 648 3023 Quare
680 2942 780 3028 igitur
808 2936 1054 3030 tanto'agmine
1083 2943 1238 3029 atque10

129 3044 281 3113 aienimis
303 3045 443 3109 incedit?
467 3047 539 3131 quia
561 3047 716 3110 secundae
739 3065 792 3109 res
813 3047 891 3111 mire
913 3060 986 3111 sunt
1008 3047 1093 3113 vitiis
1117 3050 1177 3112 ob-

208 3227 232 3274 6.
252 3236 363 3288 quantum
381 3244 424 3274 vos
443 3232 549 3274 audeatis
581 3229 604 3276 9.
626 3201 736 3277 socordia
753 3230 850 3292 (sicquae
868 3231 990 3291 semper.)
1007 3229 1093 3288 (ibid.)
1106 3245 1177 3290 quam

257 3306 351 3355 captum
361 3296 430 3356 (cdd.
439 3301 542 3356 raptum)
550 3302 580 3345 iri
590 3302 647 3346 lieet
654 3308 679 3346 et
689 3315 758 3359 quam
768 3304 853 3346 audeat
864 3308 921 3346 tam.
942 3299 1013 3362 Quod
1021 3305 1132 3360 reposui,
1142 3318 1176 3347 ex

258 3382 315 3412 mec
342 3376 380 3414 est
405 3371 559 3416 coniectura.
610 3368 651 3416 13.
678 3365 795 3416 Tar-rutae
820 3373 941 3430 Scrroque
993 3371 1032 3420 15.
1063 3373 1176 3420 Fusidius

260 3433 302 3482 24,
322 3439 484 3496 intelligerent

170 3583 256 3716 {nodo
276 3591 446 3640 construitur
465 3587 538 3662 apud
556 3589 728 3646 Salustium?
747 3590 808 3644 Cat.
830 3593 876 3650 15.
896 3590 957 3644 Cat.
977 3594 1023 3649 52.
1044 3590 1106 3646 Cat.
1128 3593 1174 3650 55.
1278 3593 1287 3604 ''

187 3681 204 3714 u
224 3700 231 3714 .
252 3665 297 3716 21.
319 3663 378 3730 lug·
401 3665 446 3719 50·

205 3681 251 3805 gu
271 3741 298 3795 9.
320 3735 468 3805 Quomodo
498 3738 661 3813 explicanda
689 3744 851 3793 coniectura
882 3754 962 3794 ame
982 3745 1125 3814 proposita
1144 3753 1173 3793 et

170 3817 202 3865 in
220 3813 274 3865 hac
304 3813 470 3865 scholastica
499 3815 620 3869 editione
650 3817 783 3888 recepta?
809 3844 846 3858 ·-
870 3818 976 3870 ancilla
1003 3818 1032 3871 h.
1058 3815 1099 3870 l?
1137 3844 1175 3857 -

171 3886 246 3955 Quid
266 3886 443 3941 iudicandum
463 3886 497 3940 de
517 3887 718 3956 distinctione,
740 3903 821 3960 quam
843 3893 960 3946 Ursinus
981 3897 1082 3945 suasit:
1101 3907 1176 3961 pro-

163 3963 243 4033 fecti
261 3971 346 4028 ssent,
368 3981 420 4034 per
441 3981 522 4014 arma
542 3966 684 4018 conditam
704 3967 778 4020 ceu?
797 3995 834 4008 —
860 3969 936 4038 Quid
956 3965 990 4020 de
1008 3965 1098 4020 forma
1119 3985 1174 4023 σο-

170 4035 576 4112 λοικοφανεῖἱηιεὶἱιςενίηεΐ
945 4035 951 4044 ”

227 4115 251 4179 §.
272 4119 316 4170 10.
335 4114 481 4166 obtentui?
500 4143 536 4155 -
555 4114 733 4186 labefactus,
753 4115 956 4186 labefactatus.
969 4145 1004 4158 -·-
1015 4115 1090 4184 Quid
1103 4115 1175 4170 ludi·

171 4188 290 4242 candum
318 4187 351 4240 de
379 4187 547 4247 lectionibus
571 4189 653 4259 forte
672 4210 718 4262 spe
738 4207 765 4246 et
776 4191 863 4262 forie
883 4212 946 4265 spes
964 4192 1028 4243 est?
1049 4195 1174 4245 Priorem

171 4263 272 4323 Weiss
292 4269 406 4339 recepit.
446 4267 595 4327 Exciditne
614 4266 731 4324 fortasse
750 4267 882 4337 verbum,
908 4285 938 4322 ιιι
958 4283 1033 4322 ratus
1054 4284 1095 4324 est
1115 4272 1172 4325 Du-
