2848 4928
1100 415 1140 478 15

140 565 223 630 mani
245 559 487 647 magnitudinem
515 559 659 636 auxisse,
698 577 850 642 nusquam
870 557 962 622 etiam
984 567 1051 620 tum
1075 557 1141 618 Le·

139 647 247 751 pidum
269 686 477 749 progressum
498 662 639 740 aiebant,
665 673 761 746 quom
780 661 906 746 privata
926 683 1010 723 arma
1030 659 1142 742 oppri-

138 771 273 833 mundae
295 766 450 830 libertatis
480 766 629 848 cepisset,
663 765 722 827 sibi
744 765 877 850 quisque
907 786 985 846 opes
1008 777 1063 826 aut
1083 785 1143 844 pa-

138 870 487 956 trocinia‘qnaerundo
521 867 686 932 consilium
723 867 884 950 publicum
915 879 1141 950 corruperunt.

66 1014 76 1042 t
114 975 187 1038 sAt
211 984 276 1038 tum
305 985 372 1036 erat
397 971 539 1054 Lepidus
566 972 649 1035 latro
672 993 743 1048 cum
774 971 937 1034 calonibus
970 982 1001 1032 et
1031 961 1175 1052 paucis5

140 1075 279 1152 sicariis,
303 1096 439 1158 quorum
459 1097 553 1138 uerno
578 1074 687 1138 diurna
708 1076 854 1137 mercede
876 1074 970 1139 vitam
998 1085 1143 1137 mutave·
1222 1097 1226 1106 ’

139 1179 201 1242 rit:
232 1199 315 1241 nttnc
337 1190 384 1242 est
406 1198 468 1262 pro
490 1179 621 1241 consule
644 1199 714 1240 cum
739 1176 892 1259 imperio,
925 1197 988 1240 non
1012 1188 1140 1258 empto,
1247 1175 1249 1186 ’

140 1283 195 1345 sed
217 1284 292 1347 dato
314 1303 333 1346 a
355 1281 467 1356 vobis,
492 1301 562 1343 cum
583 1279 698 1365 legatis
721 1282 823 1344 adhuc
848 1279 918 1342 iure
936 1279 1141 1362 parentibus;

138 1395 170 1450 et
193 1386 233 1446 ad
261 1405 332 1448 eum
351 1403 544 1448 concurrere
567 1382 710 1446 homiues
737 1383 875 1446 omnium
899 1380 1046 1446 ordinum
1068 1405 1143 1447 cor-

95 1485 340 1568 taruptissumi,
375 1487 547 1569 flagrantes
569 1484 678 1568 inopia
700 1497 732 1549 et
746 1484 963 1568 cupidinibus,
987 1487 1143 1550 scelernm

138 1587 331 1653 conscientia
354 1589 526 1671 exagitati,
557 1587 671 1671 quibus
694 1588 783 1672 quies
803 1589 837 1652 in
859 1587 1143 1664 seditionibus,in

137 1711 218 1774 paee
236 1691 351 1754 turbae
372 1703 463 1764 suut;
496 1691 530 1754 hi
556 1691 726 1754 tumultum
754 1711 795 1754 ex
830 1691 983 1766 tumultu,
1023 1692 1142 1754 bellum

140 1815 182 1856 ex
204 1794 289 1858 bello
314 1805 440 1870 serrant,
480 1791 639 1857 Saturnini
672 1793 767 1871 olim,
805 1805 881 1875 post
902 1792 1040 1876 Sulpici,
1071 1794 1143 1856 dein

139 1895 229 1960 Mari
250 1895 518 1982 Damasippique,
542 1917 626 1960 nunc
646 1894 762 1978 Lepidi
781 1896 945 1960 satellites.
989 1887 1178 1968 Praeter-6
1282 1943 1286 1953 .

94 2015 177 2066 seca
202 1998 334 2063 Etruria
359 2009 453 2082 atque
476 2019 585 2063 omnes
608 1999 759 2082 reliquiae
777 1999 855 2062 belli
880 2011 1040 2076 arrectae;
1083 1999 1144 2062 Hi·

143 2101 273 2184 spaniae
296 2103 389 2166 armis
411 2100 583 2178 sollicitae3
608 2102 813 2167 Mithridates
828 2101 861 2165 in
880 2103 980 2168 latere
1001 2103 1145 2186 vectiga-

137 2203 214 2266 lium
229 2215 434 2280 nostrorum,
459 2203 571 2290 quibus
588 2206 690 2270 adhuc
705 2216 935 2288 sustentamur,
960 2205 1042 2270 diem
1057 2206 1144 2270 bello

138 2305 368 2390 circumspicit:
393 2305 470 2392 quin
493 2319 623 2392 praeter
642 2308 789 2373 idoneum
812 2310 924 2374 ducem
949 2308 1026 2376 nihil
1054 2311 1146 2374 abest

176 2497 201 2546 5.
220 2499 330 2546 Attamen
349 2505 401 2546 erat
437 2497 479 2546 12.
499 2460 614 2558 Sulpicii,
634 2503 688 2548 dein
707 2504 779 2548 Marii

136 2665 269 2735 populum
288 2664 464 2718 Romanum?
488 2693 522 2708 -
549 2667 663 2739 Explica
694 2684 807 2741 neugma
828 2674 858 2721 iu
877 2687 919 2724 vv.
955 2667 1083 2722 Ceterum
1102 2669 1146 2722 illi

140 2769 159 2782 -
180 2771 198 2782 -
218 2771 234 2782 -
252 2744 376 2793 erexisse.
396 2769 432 2783 -
451 2759 587 2812 nusquam
606 2773 625 2786 -
643 2775 662 2786 -
679 2741 882 2815 progressum?

196 2825 220 2890 §.
240 2826 267 2880 5.
287 2823 435 2892 Quomodo
455 2825 617 2898 explicanda
638 2827 701 2884 illa:
721 2847 838 2901 qrtorum
856 2847 936 2881 nemo
950 2830 1054 2881 diurna
1066 2849 1146 2882 mar-

138 2897 205 2952 cede
223 2903 314 2951 vitam
333 2901 507 2953 mutaverit?
527 2901 683 2958 Pseudosal.
704 2903 739 2956 ad
759 2907 836 2959 Caes.
856 2912 891 2971 2,
910 2904 937 2960 lt.
976 2905 1054 2956 Nam
1079 2905 1147 2975 quid
1235 2957 1237 2964 ,

139 2992 193 3042 ego
219 2973 253 3024 de
285 2982 313 3025 tc
345 2975 454 3042 dicam,
487 2982 564 3028 cuius
587 2981 782 3038 coutumeliam
813 2979 937 3032 homines
957 2983 1146 3049 ignavissumi

138 3054 203 3118 vita
220 3066 272 3100 cua
291 3059 463 3103 commutare
482 3054 605 3104 volunt?
624 3053 765 3108 Habuitne
785 3058 868 3108 simia
882 3071 946 3109 aute
960 3055 1055 3108 oculos
1071 3057 1145 3110 bunc

140 3127 231 3196 ipsum
250 3125 363 3180 locum?
391 3151 428 3166 ·-
460 3128 514 3181 Cur
541 3126 610 3182 falsa
630 3144 671 3184 eet
691 3131 870 3202 interpolatio
890 3129 961 3184 Edd.
982 3131 1046 3200 aliq.
1066 3149 1145 3182 nemo

140 3213 196 3249 nou
215 3198 339 3253 diurna?
359 3201 486 3256 Ceterum
506 3218 627 3258 nostram
647 3206 798 3259 lectionem
818 3207 929 3260 Cottius
950 3210 988 3258 ita
1009 3210 1145 3279 interpre-

143 3287 216 3326 tatus
236 3291 295 3329 eat:
322 3293 442 3343 «notat,
471 3281 506 3330 iis
526 3276 654 3332 diurnam
674 3279 832 3334 mercedem
852 3286 911 3354 ipsa
932 3285 987 3334 vita
1008 3287 1145 3334 cariorem

141 3364 217 3415 esse,
238 3349 310 3421 quod
330 3358 476 3423 postremis
496 3354 640 3408 bominum
661 3372 688 3410 et
708 3357 903 3430 perditissimis
917 3361 1059 3428 proprium
1074 3358 1145 3411 eat.”

140 3422 216 3477 Num
234 3423 374 3496 probanda
394 3430 463 3483 haec
488 3429 658 3502 explicatio?
678 3449 786 3503 -pro
812 3432 935 3499 consede]
956 3433 1054 3486 Fateor
1074 3432 1146 3506 apud

141 3499 229 3554 Prisc.
250 3499 269 3553 l.
288 3499 308 3552 l.
328 3518 343 3553 e
363 3503 475 3558 Salustii
496 3505 570 3559 Hist.
589 3506 651 3560 Lib.
673 3517 698 3564 t.
718 3507 858 3576 (Gerlach.
879 3525 907 3580 p.
929 3512 1000 3574 223,
1022 3513 1083 3576 27.)
1098 3506 1145 3561 af-

139 3572 206 3626 ferri
226 3573 383 3628 Domitium
399 3581 592 3649 proconsulem
615 3587 721 3656 (sicque
746 3588 830 3636 etiam
851 3581 920 3636 cod.
941 3583 1050 3651 Turio.)
1089 3582 1144 3637 Sed

140 3647 213 3722 apud
233 3648 349 3702 eundem
371 3656 419 3720 18,
449 3655 477 3710 l.
497 3674 524 3728 p·
546 3662 609 3714 122.
636 3658 722 3727 (Gerl.
743 3677 771 3731 p.
791 3657 854 3716 215.
876 3657 937 3712 Lib.
959 3659 1001 3726 V,
1031 3659 1145 3730 1.)οη-

139 3739 184 3778 tea
205 3740 262 3778 erat
283 3725 317 3796 Q.
336 3727 479 3781 Marcium
499 3729 603 3802 Regem
618 3751 672 3804 pro
691 3735 818 3792 consules
845 3732 958 3786 Kiehl:
984 3751 1144 3805 proconsu-

139 3799 202 3853 lem.
234 3797 292 3854 cir.
321 3805 385 3874 pro',
398 3813 532 3874 praetore
561 3807 620 3880 lug.
647 3812 692 3869 56.
720 3824 746 3862 et
766 3813 811 3869 57.
832 3837 868 3851 -
888 3809 1074 3881 cupidinibus]
1096 3809 1144 3861 ste

140 3873 228 3929 Codd.
243 3874 315 3949 (lug.
330 3881 371 3944 1.)
385 3879 457 3945 lllii,
476 3885 560 3934 etiam
574 3883 691 3942 Walte:
711 3883 926 3956 cupiditatibus:
939 3885 998 3934 -?
1018 3882 1101 3939 Catil.
1117 3888 1143 3941 5·

142 3949 248 4004 ardeus
266 3957 295 4004 in
314 3952 524 4024 cupiditatibus.
546 3985 582 4000 -

196 4027 220 4092 §.
240 4030 267 4086 6.
287 4029 378 4084 Tacit.
395 4030 471 4085 ¹niun.
490 4036 524 4098 5,
552 4037 596 4086 11.
616 4040 731 4084 arrecta
753 4039 828 4088 omni
847 4039 964 4086 civitate
983 4037 1008 4101 )(
1028 4030 1096 4086 ibid.
1116 4049 1141 4087 e.

141 4104 169 4157 7.
188 4107 289 4153 erectis
301 4110 421 4156 omnium
439 4112 540 4160 animis
558 4125 605 4178 spe
615 4101 752 4178 petendae
766 4143 785 4153 -
798 4141 817 4154 -
830 4112 957 4171 uitiorum
979 4107 1030 4162 cfr.
1047 4109 1141 4162 Kritz.

141 4172 175 4225 ad
195 4176 276 4230 Catil.
295 4181 341 4238 59.
364 4199 390 4253 p.
412 4187 475 4243 185.
526 4183 585 4254 lug.
604 4183 649 4242 81.
669 4202 716 4237 eor
728 4203 784 4237 nou
801 4187 925 4256 paullum
944 4188 1072 4238 oratioue
1089 4203 1141 4238 stau

139 4252 258 4306 Marius
276 4265 436 4316 arrexerat.
474 4255 619 4315 Undenam
637 4260 706 4316 baec
726 4261 849 4318 italam?
