2848 4928
1080 444 1194 540 as¹

115 591 235 672 parant
264 582 471 656 delenimenta
500 592 533 654 et
559 584 709 654 differunt
729 605 790 654 vos
810 585 844 654 in
865 588 1034 653 adrentum
1056 583 1123 652 Cu.
1227 634 1232 646 .

117 689 282 776 Pompeia
311 709 405 776 quem
433 689 557 775 ipsum,
587 691 642 756 ubi
662 691 875 775 pertimuere,
913 690 1069 754 sublatum
1090 687 1124 754 in

117 793 268 859 nerviees
300 813 400 872 snas,
436 814 514 858 mox
545 795 675 878 dempto
707 805 793 858 metu
814 793 966 858 lacerant.
1008 794 1125 876 Neque

117 915 181 962 eos
201 897 317 980 pudet,
342 894 501 974 rindioes,
531 896 578 960 uti
598 915 633 961 se
653 895 781 976 ferrent,
804 896 979 973 libertatis,
1003 905 1054 960 tot
1075 892 1126 958 vi·

72 1001 88 1053 ⁵
118 1018 180 1064 ros
208 998 278 1064 sine
304 1020 370 1066 uno
398 1010 453 1064 aut
478 997 641 1064 remittere
669 999 813 1064 iniseriam
842 1020 907 1064 non
935 1000 1052 1062 audere
1072 1006 1127 1061 aut

117 1100 174 1168 ius
195 1121 260 1168 non
280 1121 377 1187 posse
397 1102 582 1168 defendere.
641 1101 727 1166 Mihi
756 1103 882 1189 quidem
903 1099 979 1165 satis
1000 1111 1127 1183 specta·

120 1213 193 1268 tum
232 1215 299 1280 est,
335 1205 544 1290 Pompeium,
581 1215 686 1270 tantae
713 1206 837 1291 gloriae
873 1203 1125 1280 adulescentem,

120 1305 217 1373 malie
236 1306 412 1394 prinoipem
434 1307 617 1374 volentibus
638 1308 733 1374 vobis
755 1329 842 1385 osse,
866 1329 959 1394 quam
985 1305 1046 1370 illis
1067 1307 1129 1371 do·

119 1408 304 1476 minationis
325 1411 467 1490 socium,
495 1422 723 1498 auctoremque
744 1410 908 1497 inprimis
928 1409 1003 1476 fore
1023 1407 1129 1474 tribu·

75 1511 225 1579 torticiae
246 1514 427 1598 potestatis.
529 1533 535 1548 ·

187 1618 333 1694 Verum,
364 1615 529 1714 Quirites,
551 1627 641 1684 antea
662 1615 781 1703 singuli
800 1616 887 1682 rives
908 1615 942 1680 in
962 1608 1189 1700 pluribus,10

122 1720 248 1786 nonin
270 1741 334 1785 nno
358 1717 462 1784 ouneti
482 1720 637 1803 praesidia
664 1719 846 1798 habebatis,
882 1740 986 1806 neque
1008 1731 1130 1784 morta·

118 1823 202 1889 lium
234 1822 399 1908 quisquam
429 1825 505 1888 dare
536 1834 591 1888 aut
623 1823 748 1906 eripere
774 1822 849 1886 talia
880 1843 961 1887 unus
987 1831 1131 1906 poterat.

120 1926 241 2012 Itaque
267 1927 440 1990 verborum
468 1925 543 1990 satis
564 1926 681 1992 dictum
703 1937 769 1990 est:
807 1945 910 2012 neque
931 1923 1013 1990 enirn
1034 1924 1132 2010 igno·

78 2027 227 2094 ¹⁵rantia
252 2015 306 2093 res
320 2023 322 2030 ’
336 2027 466 2092 oliudit.
511 2029 635 2094 Verum
659 2028 831 2112 occupavit
851 2024 961 2094 nescio
984 2049 1047 2112 qua
1068 2048 1131 2094 vos

121 2133 288 2213 torpedo,
326 2153 389 2215 qna
422 2153 486 2196 non
521 2132 626 2218 gloria
654 2129 826 2197 movemini
852 2151 955 2216 neque
983 2129 1130 2216 flagitio,

124 2244 305 2320 cunctaque
327 2233 488 2318 praesenti
508 2233 636 2320 ignavia
656 2233 852 2310 mutavistis,
887 2236 1010 2299 abunde
1031 2232 1131 2298 liber-

124 2347 225 2402 tatem
246 2335 324 2412 rati,
362 2336 435 2422 quia
456 2337 557 2422 tergis
587 2327 763 2402 abstinetur
783 2347 816 2402 et
835 2338 899 2400 hue
918 2336 966 2400 ire
988 2335 1062 2401 lieet
1082 2347 1132 2401 at·

126 2461 193 2528 que
215 2439 306 2517 illue,
331 2461 460 2504 munera
481 2439 592 2504 ditium
615 2421 834 2519 dominorum,
859 2453 954 2527 atque
974 2441 1054 2506 haee
1079 2460 1132 2506 es·

82 2545 201 2610 2⁰dem
222 2563 287 2606 non
309 2554 383 2606 sunt
404 2543 603 2630 agrestibus,
636 2547 692 2608 sed
713 2547 886 2610 caeduntur
907 2545 990 2608 iuter
1016 2553 1133 2627 poteo·

127 2644 211 2711 tium
242 2643 420 2708 inimicitias
453 2648 602 2732 donoque
631 2647 745 2709 dantur
772 2645 806 2708 in
827 2645 1010 2729 provincias
1032 2643 1133 2728 magi-

128 2747 298 2814 stratibus.
355 2747 408 2812 Ita
433 2757 596 2832 pugnatur
627 2757 659 2834 et
686 2746 824 2812 vincitur
845 2746 974 2833 paucist
1008 2746 1131 2831 plebes,

130 2851 345 2938 quodeunque
375 2848 505 2926 accidit,
542 2871 604 2934 pro
634 2850 726 2916 vietis
754 2863 802 2915 est
832 2863 863 2915 et
883 2850 916 2914 in
945 2849 1011 2914 dies
1032 2848 1133 2936 magis

130 2953 211 3031 erit;
235 2952 261 3018 si
284 2951 411 3037 quidem
433 2952 553 3018 maiore
575 2952 650 3018 eura
672 2953 918 3020 dominationem
931 2952 978 3018 illi
992 2951 1133 3020 retinue-

87 3067 120 3119 2⁵
130 3055 216 3134 rint,
240 3077 333 3142 qnam
355 3076 416 3122 vos
436 3055 652 3139 repetiueritis
673 3056 865 3123 libertatem.

169 3199 213 3251 15.
231 3204 312 3250 nescio
330 3215 390 3262 qnae
418 3198 590 3250 1'1'.mntastis
627 3201 668 3249 ts.
688 3209 713 3249 st
730 3205 787 3250 illue
816 3201 856 3251 tt.
876 3203 1036 3252 dominorum.
1055 3202 1133 3264 Atque

132 3331 229 3376 tamen
246 3321 327 3374 dolus
344 3326 409 3376 est?
418 3351 456 3367 -
473 3321 613 3376 stablatum
625 3327 655 3375 in
667 3327 790 3375 eervices
804 3340 888 3378 suaa:
907 3320 978 3378 unde
991 3339 1134 3398 sumptum

131 3397 191 3452 hoe
211 3395 360 3453 tralatum?
378 3396 456 3454 Num
475 3413 551 3452 reeta
570 3411 612 3451 est
631 3397 721 3452 Cottii
740 3403 949 3473 interpretatio:
989 3399 1134 3470 ,Quando

131 3487 262 3548 praesent
284 3486 326 3527 est
340 3489 404 3529 tum
423 3477 541 3548 imperio
554 3478 732 3535 etexerciru,
754 3487 820 3528 tune
842 3474 970 3532 timent.'’
989 3479 1045 3532 -i
1063 3476 1134 3532 vnto

131 3565 170 3602 ns
189 3545 382 3620 explicandum
398 3553 490 3622 potins
510 3553 548 3603 sit
566 3554 709 3622 eproprio
730 3547 779 3602 illo
796 3549 935 3604 Iuvenalis
956 3551 990 3618 9,
1011 3555 1134 3612 1450-

133 3621 191 3676 duo
205 3621 304 3693 fortes
326 3623 371 3675 De
389 3641 479 3693 grege
498 3623 678 3692 Moesorum,
709 3628 756 3695 qui
775 3643 817 3677 me
836 3631 943 3682 semler
964 3626 1059 3680 locata
1079 3628 1135 3681 Se-

132 3715 233 3752 curum
250 3695 365 3750 iubeant
384 3699 505 3752 clamoso
522 3704 651 3752 insistere
670 3703 754 3754 circo.

190 3775 216 3842 ᾗ.
236 3777 281 3832 10.
301 3789 348 3825 res
365 3773 482 3828 clarsdt‘t.
529 3773 605 3840 Hor,
632 3772 705 3846 qnod
724 3778 844 3842 mtrere,
863 3781 945 3832 eriam
963 3777 1133 3832 Tullianum.

128 3844 216 3903 ‘Orat
244 3849 268 3916 §-
298 3855 361 3908 17⁰.
399 3850 478 3903 Brut.
510 3851 537 3918 §.
569 3852 634 3909 att.
672 3852 775 3904 Rursus
808 3847 1038 3916 Fronrodianum,
1068 3849 1134 3924 (ud.

134 3923 214 3978 Rom.
234 3941 261 3996 p.
280 3927 345 3982 239.
366 3937 393 3978 et
413 3925 489 3992 aba.)
509 3922 538 3977 id
557 3923 630 3999 quod
649 3930 753 3980 mirum
771 3941 828 3980 non
847 3943 899 3982 est.
917 3951 953 3968 -
972 3931 1135 3978 mretavtstis

134 3997 215 4052 lut?
233 4025 271 4042 -—
289 3998 397 4051 munde
409 4004 613 4066 rattmunera,
634 4014 669 4054 sn
687 4018 800 4052 numere
812 4018 877 4058 eum
890 4003 970 4056 aliis?
986 4029 1025 4042 -
1042 4017 1134 4072 agre.

133 4072 247 4126 stibus?
271 4101 308 4114 -
334 4078 460 4126 vincitur
475 4079 593 4145 parteis,
626 4090 661 4128 an
680 4092 743 4128 enm
764 4075 843 4145 aliis,
869 4083 953 4132 etiam
974 4075 1097 4142 Wrbio,
1115 4097 1134 4130 a

134 4149 250 4218 paucis?
272 4178 303 4191 -
321 4150 416 4222 plebes
433 4181 452 4194 -
470 4181 489 4193 -
504 4168 558 4220 pro
574 4154 676 4215 vietis,
696 4165 801 4223 supro
820 4159 900 4206 vieta
919 4150 980 4204 est?
1000 4153 1077 4204 Hane
1092 4153 1133 4208 lo.

136 4221 292 4278 Britannici
320 4221 420 4300 (tros)
451 4243 509 4279 non
547 4222 618 4281 cdd.
655 4243 745 4300 neque
773 4229 923 4306 Pomponii
943 4225 1022 4281 Laeti
1051 4229 1136 4288 tuso.

135 4293 286 4354 lectionem
304 4316 397 4358 rursus
417 4299 548 4376 praetulit
567 4301 676 4358 Weiss.
