2848 4928
1075 471 1115 534 ti

114 621 187 658 stram
205 633 224 650 -
243 631 263 650 ι-
281 633 300 648 ·
317 601 450 658 nobilitas
466 603 601 677 factione
629 611 750 660 monimo
774 605 906 679 pollebat.
932 617 962 664 ot
988 609 1048 684 lug.
1068 611 1115 669 51.

113 680 219 732 eadem
235 697 350 754 cupere,
379 681 474 742 eodem
493 683 603 751 odisse,
626 683 722 735 eadem
740 692 861 736 massere
880 713 899 727 «ι
918 713 937 728 -
955 683 1023 739 baec
1041 691 1116 738 inter

111 755 207 808 bonos
215 760 350 823 amicitia,
368 759 443 807 inter
455 759 545 810 malos
555 757 656 829 factio
672 765 724 811 est.
736 787 773 804 -
789 758 822 812 L.
835 759 965 828 Sicinius]
979 759 1059 814 Trib.
1074 759 1114 833 pl.

111 845 141 883 a.
162 849 196 884 n.
213 847 239 884 c.
259 833 324 892 678.
361 830 412 884 Cn.
433 831 567 899 Octavio,
586 833 617 887 C.
638 832 784 886 Scribonio
796 835 916 888 Curious
929 851 1010 888 ooss.¹
1039 833 1115 890 Idem

111 919 185 958 sane
206 921 263 971 est,
293 910 340 978 qui
367 905 439 978 apud
464 907 604 962 Plutarch.
633 907 723 962 Crass.
751 915 776 969 7.
796 914 856 962 sine
876 915 1055 982 praenomine
1074 915 1115 964 ita

111 995 309 1036 memoratur:
345 978 363 1036 ὁ
387 981 463 1057 γοῦν
497 983 622 1040 πλεῖστα
649 981 820 1060 πράγματα
851 981 1022 1062 παρασχὼν
1050 984 1115 1050 τοῖς

110 1051 195 1114 καθ’
220 1051 316 1115 αὑτὸν
334 1051 465 1130 ἄρχουσι
483 1053 538 1114 καὶ
548 1054 742 1144 ῥημαγωχοῖς
750 1099 760 1126 ,
779 1057 945 1127 Σικίννιος,
963 1053 1040 1137 πρὸς
1056 1056 1115 1118 τὸν

110 1127 257 1198 εἰπόντα,
292 1130 329 1188 Τί
351 1130 388 1221 tir>
406 1128 504 1207 μόνον
523 1151 560 1188 ου
579 1135 747 1218 mansisset
765 1131 820 1190 zor
839 1136 1002 1210 Κράσσον,
1035 1130 1115 1192 ἀλλὰ
1224 1143 1226 1150 ’

109 1203 410 1332 ξαρίησινάοιυτρν·Ὶ
427 1211 544 1282 χόρτον
571 1205 649 1319 ἲχξιν
680 1223 792 1281 conseo
821 1203 869 1264 titi
882 1211 952 1333 dpicti
976 1207 1113 1302 nitrosos.

108 1284 399 1426 ..126737ἓῖ
414 1286 507 1415 ..lit
525 1283 822 1428 ⁵2³..i‘ipiriiglis
840 1283 910 1409 εἶ...
920 1297 1113 1410 iii-iiii.

107 1429 207 1482 Etiam
227 1426 299 1500 apud
318 1428 566 1485 Pseudoescouium
587 1429 621 1484 ed
640 1434 825 1486 Divinatiouis
845 1432 877 1484 C.
899 1435 926 1490 5.
947 1433 1113 1505 simpliciter

18 1537 22 1558 s
53 1561 58 1572 ⁴
108 1519 154 1557 cst
174 1505 307 1556 Sicinius.
344 1505 446 1557 Contra
467 1507 538 1577 apud
557 1507 720 1560 Ciceronem
740 1510 829 1574 (Brut.
848 1505 908 1578 60.)
928 1522 969 1559 est
990 1507 1040 1562 Cn.
1062 1507 1113 1558 Si·-

107 1583 205 1631 circius
235 1577 317 1632 homo
350 1585 491 1649 imparem
523 1580 574 1631 ssd
604 1579 751 1634 admodum
779 1580 922 1634 ridiculus.
971 1581 1112 1636 Alterutro

106 1651 176 1708 loco
205 1657 292 1724 igitur
322 1671 398 1710 error
429 1659 501 1707 inest
534 1659 564 1707 in
592 1661 777 1727 praenomine.
840 1655 983 1710 Ciceronis
1012 1671 1112 1711 aucto-

105 1733 227 1783 ritatem
255 1743 318 1801 post
343 1730 472 1801 Pighium
491 1730 567 1783 Anu.
586 1736 613 1790 3.
632 1750 659 1804 p.
686 1733 750 1789 291.
778 1745 928 1801 sequuntur
952 1746 1028 1784 nuuc
1054 1731 1113 1804 ple-

107 1809 210 1874 rique,
230 1803 302 1856 liciff
328 1805 389 1859 Vol.
411 1809 444 1859 2.
472 1821 499 1878 p.
526 1807 590 1862 179.
629 1807 750 1860 Gerlach
770 1807 879 1860 Comm.
899 1824 928 1878 p.
949 1809 996 1865 26.
1037 1807 1111 1872 «Οτι.

106 1879 252 1946 Sicinius,
285 1883 391 1952 inquit,
422 1879 558 1933 libertatis
584 1897 686 1953 poenas
713 1879 805 1944 dedit3
839 1880 932 1954 paullo
952 1895 1015 1954 post
1034 1885 1110 1933 enim

41 1985 44 1990 ·
106 1955 205 2008 subita
231 1969 321 2006 morte
350 1961 501 2008 exstinctus
524 1947 592 2016 'ests
624 1953 757 2010 iocinoris
787 1954 891 2010 invidia
916 1959 959 2025 (in
976 1956 1030 2009 hac
1050 1959 1111 2029 ipse

107 2028 220 2083 Licinii
240 2033 377 2098 oratione)
397 2046 526 2083 oneratur
545 2030 662 2086 Corio.’'
681 2057 718 2072 -
737 2033 800 2094 Ou.¹

164 2105 192 2170 6.
225 2107 251 2160 5.
279 2105 359 2158 Sulla
386 2109 507 2172 mortuo]
536 2120 561 2157 a.
585 2117 622 2158 u.'
639 2123 663 2160 c.
683 2109 748 2166 676.
793 2109 829 2177 Q.
848 2105 974 2160 Lutatius
994 2103 1110 2159 Catulus

106 2195 171 2233 cos.
190 2193 217 2232 a.
241 2197 270 2233 u.
292 2194 316 2232 c.
335 2181 401 2237 676.
421 2182 518 2250 Lepidi
538 2179 659 2252 collegae
678 2185 824 2248 iuimicus,
843 2183 880 2250 Q.
898 2179 1006 2248 Catuli,
1026 2183 1109 2236 cim-

106 2254 227 2307 brorum
255 2257 369 2308 victoris
395 2269 420 2308 et
449 2257 575 2308 Mariana
604 2254 711 2311 invidia
739 2261 863 2328 oppressi
897 2254 986 2321 filius,
1018 2260 1060 2308 vir
1078 2259 1109 2308 in

106 2343 246 2402 corrupto
277 2329 370 2382 seculo
389 2327 539 2403 probitatis
559 2335 764 2402 integerrimae,
792 2347 844 2384 neo
866 2334 897 2383 in
915 2328 996 2383 rebus
1015 2329 1109 2382 civili-

106 2403 161 2458 bus
184 2409 277 2458 minor
296 2421 377 2475 quam
393 2408 546 2477 ¹Pompeius
567 2408 595 2458 iu
617 2406 729 2460 bellicis
750 2419 819 2459 teste
840 2407 898 2459 Cic.
921 2403 955 2458 dc
981 2403 1063 2460 olio.
1079 2412 1107 2469 i,

106 2486 156 2536 22.
195 2480 292 2547 Hunc,
311 2497 393 2552 quem
415 2481 490 2534 Sulla
509 2485 571 2553 ipso
592 2485 745 2538 saeviorem
765 2476 844 2534 vocat
865 2483 979 2546 Macer,
1000 2483 1109 2552 egregie

106 2553 230 2606 absolvit
250 2555 559 2610 honorificentissimum
579 2557 673 2629 populi
695 2559 812 2608 Romani
832 2551 977 2608 iudicium.
1015 2557 1108 2622 Quum

66 2639 70 2646 '
107 2633 188 2680 euim
206 2628 296 2700 legem
316 2631 482 2698 Gabiniam,
515 2645 568 2699 qua
585 2631 718 2702 Pompeio
739 2629 869 2682 adversus
889 2633 992 2701 piratas
1015 2627 1108 2680 bella-

107 2719 175 2757 turo
200 2707 349 2776 imperium
374 2709 459 2756 totius
486 2701 543 2757 iere
576 2703 651 2757 orbis
679 2702 917 2768 committebatur,
946 2701 1106 2756 dissuadens

106 2777 227 2832 Catulos
257 2781 317 2843 'uin
343 2783 476 2831 conciano
503 2777 632 2847 dixisset,
651 2783 754 2850 (inquit
772 2777 890 2832 Velleius
909 2783 943 2843 2,
968 2776 1028 2852 52.)
1047 2795 1106 2830 esse

106 2855 223 2924 quidem
244 2852 413 2928 praeclarum
437 2859 527 2908 virum
556 2857 607 2909 Cn.
629 2857 811 2926 Pompeium,
842 2853 888 2906 sod
909 2857 1029 2908 nimium
1051 2859 1107 2906 iam

106 2927 213 2983 liberae
232 2934 272 2982 rei
291 2928 419 3002 publicae
439 2947 528 3000 oeque
543 2933 634 2982 omnia
657 2934 687 2982 in
709 2945 764 2981 uuo
780 2927 952 3002 reponenda,
984 2927 1106 2984 adiecis-

106 3019 222 3076 setque,
241 3009 264 3056 si
285 3001 351 3076 quid
369 3007 434 3057 huic
456 3004 604 3072 acciderit,
622 3021 704 3076 quem
722 3009 753 3056 in
772 3008 830 3059 sius
845 2994 937 3057 losum
951 3003 1106 3057 substitue-

106 3083 170 3132 tisi
203 3079 385 3133 succlamavit
414 3085 541 3134 universa
560 3085 674 3135 soncior
709 3079 790 3146 «Το,
811 3082 847 3149 Q.
868 3077 995 3138 Catule.”
1033 3079 1105 3131 'lum

105 3153 157 3205 illo
176 3158 266 3207 victus
286 3171 422 3208 consensu
441 3160 566 3209 omnium
586 3171 613 3209 et
632 3171 689 3209 tam
708 3153 860 3208 honorifico
880 3158 1000 3209 civitatis
1021 3159 1105 3218 testi-7

105 3233 206 3281 monio
226 3246 242 3282 c
261 3235 397 3284 concione
415 3229 571 3286 ‹nscessiti’
589 3233 729 3284 Bonosus.
768 3230 809 3282 M.
829 3227 963 3282 Aemilius
984 3227 1106 3281 Mamer-

106 3319 157 3356 cus
178 3303 297 3377 lepidus
317 3321 374 3362 cos.
399 3321 423 3360 a.
443 3325 470 3360 u.
490 3323 515 3360 c.
535 3309 600 3366 677.
628 3333 664 3350 -·
693 3306 725 3358 L.
747 3305 872 3356 Licinius
893 3301 1024 3356 Lucullus
1044 3319 1102 3358 cos.

105 3392 134 3431 a.
153 3397 182 3430 u.
203 3395 226 3431 c.
246 3382 314 3438 688.
350 3381 382 3435 L.
411 3383 542 3451 Quintius
571 3382 619 3434 Tr.
643 3380 680 3454 pl.
709 3376 738 3505 §a
765 3379 824 3432 Cic.
850 3383 880 3432 in
899 3379 986 3430 Bruto
1005 3381 1036 3432 C.
1055 3383 1101 3436 62.

105 3457 184 3505 inter
202 3470 248 3506 eos
267 3467 453 3524 memoratus,
486 3461 534 3529 qui
559 3459 695 3529 aptissimi
729 3457 817 3506 uerint
842 3452 1007 3507 turbulentis
1029 3471 1102 3506 con-

107 3524 252 3600 cionibus)
272 3545 367 3585 rursus
386 3529 419 3583 de
437 3531 543 3604 legibue
564 3530 699 3586 Corneliis
719 3527 881 3600 abrogandis
900 3533 956 3599 egit
970 3545 1102 3602 aegreque

104 3602 140 3654 L.
169 3602 278 3656 Luculli
305 3604 431 3678 precibus
457 3623 485 3661 et
510 3611 593 3661 minis
619 3605 774 3660 acontilio
794 3603 921 3675 depulsus
942 3619 992 3659 est.
1030 3602 1102 3672 (Cir.

105 3676 239 3736 Gerlach.
270 3678 379 3736 Comm.
409 3699 438 3754 p.
468 3685 526 3751 2ο.)
566 3681 681 3750 «Quam
703 3697 843 3754 perversus
863 3695 890 3732 ct
910 3677 997 3730 audax
1017 3680 1101 3732 homo

105 3751 138 3805 Ι..
160 3755 293 3822 Quintius
311 3753 411 3820 fuerit,
430 3761 575 3830 praecipuo
595 3777 628 3810 en
647 3758 788 3809 Ciceronis
801 3759 924 3806 oratione
940 3771 988 3825 pro
1003 3755 1101 3808 Cluen-

106 3831 148 3881 tio
167 3828 362 3901 intelligitur.’¹
390 3831 534 3885 Granscn.
564 3863 595 3873 -
629 3832 817 3884 dominatione
841 3835 871 3880 in
892 3829 972 3882 vobis
990 3825 1100 3881 defendi

106 3917 199 3972 potest
218 3923 252 3958 ex
269 3911 475 3959 constructione
495 3925 520 3959 v.
539 3907 686 3961 dominari.
707 3908 837 3961 Attamen
856 3909 886 3958 in
904 3902 1000 3976 Lepidi
1020 3902 1099 3957 Oret.

105 3975 130 4040 6·
157 3983 185 4032 2.
210 3995 251 4034 est
278 3981 478 4037 dominationis
504 3987 534 4033 in
560 4001 621 4036 vos.
658 3979 786 4036 Notanda
812 3984 897 4033 ctiam
928 3982 1100 4030 constructio

107 4063 171 4104 cum
195 4059 334 4126 genitivo:
367 4057 485 4120 Minucii
511 4057 609 4110 Felicis
635 4057 700 4111 Oct.
725 4063 770 4114 12.
789 4062 929 4124 vestrique
948 4052 1098 4104 dominan-

107 4131 165 4180 tur.
204 4129 259 4184 011.
486 4155 489 4161 ·
646 4177 648 4188 ,

163 4203 187 4268 §-
205 4206 234 4262 6.
250 4203 408 4277 probitate]
428 4209 522 4277 Quum
543 4205 630 4261 codd.
649 4208 732 4258 lectio
750 4210 898 4274 gravitate
910 4200 1014 4254 nullam
1028 4218 1098 4273 pro-

108 4269 228 4333 hutten
247 4275 374 4337 admittat
393 4287 666 4355 interpretationem,
687 4299 701 4334 e
720 4285 878 4336 coniectura
897 4279 927 4329 in
944 4277 998 4333 hac
1011 4278 1098 4330 scho-
