2848 4928
293 441 386 506 m·

292 587 325 646 5,
339 585 373 649 ,5.
393 580 489 651 Quid?
517 583 573 631 iam
593 578 644 630 iila
663 577 816 649 cupiditas,
844 596 914 652 quas
932 578 1046 632 uidetur
1065 594 1123 632 esse
1141 579 1286 635 liberalior·

291 657 421 722 lionoris,
452 660 579 726 imperii,
608 659 837 726 provinciarum,
868 673 951 726 quam
976 655 1047 706 dara
1076 664 1119 708 est
1150 655 1285 725 domina,

291 748 372 802 quam
390 727 553 803 imperiosa,
574 747 655 800 quam
670 727 837 782 vehemens!
855 729 996 798 Cethego,
1017 730 1122 782 homini
1139 749 1196 782 non
1210 749 1286 802 pra-

290 807 452 872 batissimo‚
472 809 580 856 servire
593 809 687 872 coegit
699 823 759 870 eos,
779 810 826 876 qui
837 805 891 856 sibi
900 823 958 856 esse
972 807 1136 875 amplissimi
1145 806 1285 859 videban-

290 891 356 942 tur;
376 899 490 933 munera
508 885 633 944 mittere,
653 888 737 931 noctu
761 886 858 934 venire
874 879 985 934 domum
1004 881 1043 931 cd
1060 899 1136 947 eum5
1152 887 1285 951 precari,

289 957 404 1027 denique
421 955 585 1025 supplicare.
603 953 718 1028 (Tangit
736 959 764 1006 in
778 959 875 1027 primis
885 955 917 1009 L.
934 955 1099 1025 Lucullum.)
1112 987 1143 997 -
1155 957 1285 1024 collecta]

290 1035 375 1086 Recte
394 1028 533 1084 Burnouf:
554 1071 569 1095 α
576 1032 663 1096 Vires,
682 1045 748 1100 quas
768 1030 823 1084 sihi
841 1049 890 1104 per
906 1045 1015 1084 senatus
1031 1030 1186 1086 secordiam
1197 1031 1287 1104 Lepi-

292 1106 342 1161 dus
361 1111 483 1179 paravit,
501 1105 578 1160 brevi
598 1103 781 1159 dilatentur?

696 1308 880 1324 Μ

510 1514 553 1572 ΙΝ
572 1513 815 1573 ORATIONEM
834 1513 869 1573 C.
891 1514 1066 1574 COTTAE.
1141 1519 1142 1526 ’

934 1657 945 1685 l

342 1707 372 1759 C.
392 1703 518 1758 Aurelius
545 1703 647 1770 Cotta,
678 1709 774 1776 paucis
801 1703 896 1758 diebus
922 1718 1121 1776 postmortem
1141 1703 1172 1756 L.
1193 1705 1287 1758 Crassi

286 1783 403 1838 oratoris
432 1778 559 1851 depulsus
579 1797 627 1851 per
647 1779 779 1834 invidiam
805 1780 968 1844 tribunatus.
997 1793 1055 1831 non
1083 1777 1177 1832 multis
1197 1778 1232 1832 ab
1252 1797 1286 1833 eo

286 1872 408 1927 ternpore
428 1854 568 1908 mensibus
588 1857 689 1908 eiectus
710 1871 752 1908 est
772 1874 787 1908 e
806 1859 917 1908 civitate
944 1854 1018 1920 (Cic.
1037 1853 1070 1906 de
1092 1853 1171 1908 Orat.
1191 1857 1225 1918 5,
1245 1858 1286 1921 ὅ.)

285 1931 353 1982 Eius
378 1929 481 1984 reditus
508 1928 742 1982 commemoratur
767 1931 826 1983 Cic.
847 1931 925 1982 Brut.
950 1932 998 1986 90.
1021 1927 1137 1980 eundem
1157 1928 1285 1982 inlibris

286 2003 320 2056 de
341 2005 458 2057 Oratore
485 2003 642 2074 loquentem
670 2003 814 2056 inductum
839 2021 898 2057 esse
924 2007 992 2056 satis
1011 2019 1129 2056 constat.
1169 2006 1287 2070 “Homo

286 2078 483 2132 disertissimus
515 2093 623 2130 nostrae
655 2083 774 2132 civitatis
786 2079 803 2101 ¹¹
839 2078 941 2130 dicitur
966 2097 1015 2150 pro
1041 2082 1159 2133 Caecina
1187 2095 1212 2132 c.
1239 2082 1286 2138 55.

285 2153 327 2208 De
347 2157 405 2206 eius
425 2171 523 2226 genere
543 2151 652 2206 dicendi
673 2152 766 2206 confer
786 2155 846 2210 Cic.
864 2155 942 2206 Brut.
963 2154 1030 2226 Cap.
1051 2157 1095 2210 55.
1114 2183 1153 2195 -
1182 2153 1286 2208 Consul

284 2228 338 2283 fuit
358 2247 421 2282 cum
444 2231 474 2282 L.
495 2229 612 2282 Octavio
632 2245 656 2282 a.
677 2248 711 2281 u.·
724 2246 749 2282 c.
769 2231 844 2293 679„
865 2247 919 2298 quc
934 2230 1040 2282 inurbe
1059 2244 1086 2282 et
1100 2243 1211 2300 propter
1232 2245 1286 2282 an-

285 2321 374 2356 nonae
395 2309 539 2357 caritatem
560 2320 586 2356 et
604 2321 718 2376 propter
738 2309 837 2358 aerarii
858 2309 997 2376 angustias
1019 2305 1215 2357 tumultuatum
1235 2319 1285 2361 est.

285 2378 328 2433 Ad
356 2379 444 2451 plebis
475 2384 545 2430 iram
573 2379 734 2449 placandam
762 2380 844 2432 Cotta
869 2377 972 2431 frustra
995 2379 1096 2451 piaculi
1116 2378 1179 2431 loco
1199 2383 1285 2432 vitam

285 2455 338 2506 hac
363 2458 487 2508 oratione
514 2453 632 2520 obtulit3
663 2470 743 2524 quam
771 2457 803 2506 ad
831 2458 945 2506 tertium
972 2454 1074 2507 librum
1098 2455 1284 2508 Historiarum

285 2533 423 2604 pertinere
444 2527 548 2582 nullutn
569 2544 610 2581 est
632 2527 755 2580 dubium.
795 2529 937 2581 Gancncn.

342 2607 365 2673 §.
386 2611 412 2660 t.
430 2622 515 2674 neque
535 2602 653 2654 decretis
665 2605 754 2671 iabus]
777 2605 850 2658 Mire
869 2604 936 2656 haec
952 2608 1148 2675 interpretatus
1168 2605 1284 2658 estDu-

285 2697 350 2734 teau
371 2679 404 2732 de
424 2677 559 2730 Lamalle:
581 2680 664 2730 Dans
683 2689 774 2732 toules
793 2697 837 2730 ees
854 2684 956 2744 crises',
976 2684 1009 2730 ni
1022 2681 1159 2730 t’actim'te'
1176 2697 1211 2730 ne
1227 2682 1284 2732 m’a

285 2757 401 2825 tnnttque'
416 2772 489 2826 pour
505 2755 638 2822 privenir
657 2756 682 2806 ie
701 2753 844 2818 molliens,
872 2759 903 2804 ni
921 2755 949 2804 la
969 2765 1116 2806 constance
1132 2773 1205 2824 pour
1224 2756 1283 2826 m’y

285 2833 421 2897 sisigner.
458 2827 537 2882 Falsa
568 2834 651 2882 etiam
680 2831 784 2886 Weisii
810 2834 1016 2902 interpretatio:
1036 2859 1072 2874 -·
1102 2837 1283 2902 „neque'pe·

284 2910 361 2979 perci
380 2905 486 2970 labori,
507 2922 561 2974 quo
580 2920 669 2958 vestra
690 2904 796 2958 decreta
817 2905 999 2975 perficerem.'¹
1032 2907 1115 2956 Recte
1137 2908 1280 2958 Buauour:

286 2981 342 3046 “lu
367 2983 469 3052 asperis
494 2984 612 3050 negotiis
640 2997 727 3050 neque
754 2983 861 3032 animus
888 2974 922 3032 ad
951 2977 1061 3032 fortiter
1080 2979 1282 3032 decernendum

283 3055 386 3116 defuit;
407 3069 493 3122 neque
514 3052 547 3104 ad
568 3053 767 3124 exsequendum
789 3053 865 3105 labor
885 3053 1043 3126 (assiduitas
1064 3070 1091 3106 et
1111 3056 1281 3127 constantia)

283 3131 331 3184 ubi
351 3129 418 3202 quid
437 3127 647 3182 decrevissem.'’
698 3129 730 3181 In
750 3146 825 3199 seqq.
846 3131 915 3182 mibi
936 3129 1046 3198 quidem
1067 3129 1158 3180 niciae
1177 3147 1280 3181 secun-

283 3205 387 3276 daeque
412 3222 458 3256 res
483 3201 590 3256 videtur
622 3203 788 3267 subiectum,
822 3203 894 3273 quod
914 3203 1026 3267 dicunt,
1061 3209 1281 3275 propositionis,

182 3309 187 3329 r
284 3298 357 3349 opes,
367 3299 423 3335 non
433 3283 575 3348 ingenium
584 3295 648 3331 vero
659 3280 809 3339 obtectum,-
823 3285 863 3332 sic
873 3285 1059 3332 necessarium
1070 3298 1125 3331 uon
1134 3294 1175 3332 est
1184 3289 1281 3332 muta-

283 3356 352 3408 bant
382 3374 431 3428 pro
451 3351 533 3408 uerbo
564 3370 662 3408 neutro
688 3355 806 3422 hahere,
827 3371 855 3406 ut
879 3360 898 3407 ii
919 3353 1060 3422 lecerunt,
1080 3354 1179 3426 quibus
1206 3371 1281 3424 opes,

284 3447 340 3482 non
358 3434 501 3498 ingenium
521 3427 617 3482 itidem
638 3434 802 3484 nominativi
823 3446 895 3482 sunt.
917 3430 970 3483 On.

346 3505 369 3571 §.
390 3511 415 3558 2.
435 3510 505 3576 quis·
520 3508 622 3570 cicius]
655 3505 769 3558 Videtur
789 3505 870 3558 Cotta
892 3521 1003 3558 causam
1022 3503 1160 3558 nobilium
1180 3503 1279 3558 contra

283 3579 427 3634 Saturnini
446 3595 473 3636 et
492 3579 608 3650 Sulpicii
628 3584 763 3632 insaniam
784 3578 956 3645 defendisse,
976 3579 1074 3651 quibus
1095 3585 1205 3654 saepius
1223 3598 1279 3653 op-

283 3659 405 3728 ponitur.
425 3653 481 3708 Clr.
505 3655 565 3706 Cic.
585 3656 665 3708 Brut.
688 3662 731 3714 57.
753 3658 796 3712 59.
817 3659 863 3713 65.
883 3657 1026 3710 Gaarsca.

339 3733 365 3797 §.
385 3737 412 3789 5.
431 3729 628 3800 imperatores]
649 3732 684 3798 Q.
705 3729 833 3784 Metellus
859 3733 923 3784 Pius
944 3747 971 3784 et
992 3731 1042 3784 Cn.
1063 3731 1221 3801 Pompeius.
1241 3759 1280 3776 -

281 3805 404 3860 Sertorii
418 3823 470 3876 per
489 3809 591 3855 montis
606 3805 695 3875 fuga]
718 3809 899 3876 contemptim
916 3805 990 3858 dicta
1011 3808 1078 3858 hoec
1098 3805 1206 3858 debelli
1227 3824 1279 3876 ge-

282 3879 362 3936 rendi
389 3885 513 3940 ratione,
547 3897 599 3949 qua
620 3881 757 3934 Sertorius
776 3883 914 3934 Romanos
934 3880 1015 3934 duces
1035 3878 1183 3952 irrigabam
1204 3881 1278 3933 idem

281 3955 461 4007 latrocinium
480 3953 621 4009 dicebant.
643 3955 786 4010 Gentecrr.
804 3979 841 3994 -··
858 3955 1029 4008 Macedonia
1046 3955 1278 4024 plenalunium]

284 4031 526 4094 ..Macedonicum
545 4028 648 4084 bellum
667 4035 718 4102 Ap.
738 4028 867 4084 Claudius
888 4031 1005 4086 Pulcher
1025 4030 1134 4093 (consul
1154 4046 1178 4083 a.
1199 4049 1226 4084 u.
1249 4047 1275 4084 c.

281 4107 359 4170 675.)
379 4112 509 4169 sortitus,
536 4110 623 4158 varias
640 4122 734 4178 gentes
748 4107 910 4173 (Thracas),
940 4123 1009 4176 quae
1023 4103 1177 4176 nlrcdopen
1192 4123 1278 4157 mon·

282 4179 357 4232 tibus
377 4179 560 4239 circumfusae
585 4196 649 4234 sunt
669 4197 702 4233 ac
723 4196 779 4234 tum
799 4180 993 4234 Macedoniam
1013 4178 1202 4233 crudelissime
1223 4197 1277 4252 po-

281 4255 446 4329 pulabantur
470 4254 549 4330 (uam
573 4261 646 4314 iuter
672 4271 763 4313 cetera
788 4255 865 4314 dictu
884 4255 1031 4329 audituque
1051 4255 1181 4324 horride,
1209 4270 1277 4329 quas
