2848 4928
278 403 318 468 26

277 542 376 608 creati
408 563 470 626 pro
499 542 568 606 iure
596 551 707 607 vestro
740 538 803 604 vim
832 547 975 604 cunctam
1009 548 1040 603 et
1066 535 1197 620 imperia
1223 556 1282 606 sua

276 647 380 733 gratia
404 659 457 710 erit
478 667 534 729 spe
557 657 611 708 aut
630 643 778 728 praemiis
800 642 832 706 iu
854 660 914 706 vos
936 650 1130 706 convortere
1153 638 1281 702 melius·

187 752 188 764 ¹
276 771 339 836 que
359 751 478 813 habent
507 751 652 812 mercede
675 747 858 830 delinquere
881 765 975 830 quam
999 745 1096 830 gratis
1118 755 1207 808 recte
1229 744 1281 810 fa·

276 875 362 917 cere.
408 853 520 933 Itaque
542 873 652 914 omues
675 869 863 936 concessere
884 849 946 910 iam
968 847 998 911 in
1021 868 1197 930 palleorum
1220 851 1278 913 do·

275 956 488 1029 minationem,
513 953 566 1038 qui
579 975 640 1035 per
652 951 787 1034 militare
802 971 918 1014 nomen
932 951 1086 1012 aerarium
1106 949 1278 1029 exercitus,
1291 955 1308 1005 5
1322 1025 1325 1031 Δ

275 1079 375 1144 regna
397 1057 577 1140 provincius
592 1076 794 1138 occupavere
809 1065 841 1117 et
853 1075 959 1117 arcem
973 1055 1090 1117 habent
1109 1075 1150 1117 ex
1168 1052 1280 1134 spoliis

275 1160 410 1223 vestris:
448 1181 545 1245 quom
571 1159 699 1222 interim
729 1178 819 1221 more
847 1177 1000 1240 pecorum
1028 1149 1087 1222 vtis
1110 1156 1279 1222 multitudo

276 1262 409 1348 singulis
430 1263 594 1326 habendos
621 1262 839 1344 terrendosque
863 1259 1043 1343 praebetis,
1067 1259 1154 1322 cxrui
1177 1261 1281 1324 omni-

274 1367 352 1441 bus,
376 1387 456 1449 quae
479 1367 616 1430 maiores
637 1364 812 1446 reliquene3
842 1363 902 1426 nisi
927 1363 1000 1447 quia
1021 1361 1181 1426 vobismet
1201 1363 1279 1446 ipsis

274 1489 334 1552 per
354 1469 528 1554 suffragia,
552 1469 598 1532 uti
622 1466 785 1550 praesides
802 1466 897 1543 olim,
922 1487 1005 1530 nunc
1021 1466 1166 1530 dominos
1180 1466 1326 1530 desti-1⁰

274 1571 368 1636 natis.
412 1572 525 1657 Itaque
544 1591 731 1636 concessere
751 1569 828 1632 illuc
850 1591 979 1634 omnes:
1003 1581 1035 1637 et
1056 1590 1151 1646 mox,
1173 1568 1202 1634 si
1222 1571 1281 1633 ve?

274 1687 341 1738 stra
362 1674 568 1756 receperitis,
599 1678 715 1740 advos
735 1674 894 1759 plerique.
932 1673 1028 1738 Raris
1052 1673 1135 1736 enim
1157 1671 1279 1738 animus

275 1790 324 1868 est
345 1782 385 1841 ad
406 1799 467 1854 ea,
503 1799 582 1862 quac
605 1777 752 1861 placent,
783 1776 997 1841 defendenda:
1023 1775 1121 1842 ceteri
1143 1775 1279 1848 validio-

239 1884 344 1963 lprum
368 1892 453 1944 suut.
496 1882 551 1944 An
573 1879 701 1942 dubium
724 1879 863 1955 habetis,
888 1899 961 1942 num
982 1879 1108 1944 officere
1124 1878 1199 1956 quid
1217 1899 1279 1942 vo·

274 1982 325 2046 bis
351 2003 415 2046 uuo
445 1981 549 2046 animo
582 1982 790 2072 pergentibus
825 1981 955 2064 possit,
989 2003 1073 2066 quos
1106 1980 1323 2066 languidosls

274 2088 490 2170 socordesque
511 2083 729 2174 pertimuere?
759 2084 828 2148 Nisi
850 2085 936 2150 torre
960 2085 1001 2151 C.
1026 2084 1141 2162 Cotta,
1168 2083 1277 2172 exkfa·

275 2189 380 2251 ctione
404 2189 504 2251 media
527 2189 658 2263 consul,
693 2187 785 2251 aliter
807 2210 900 2274 quam
923 2201 1009 2254 metu
1030 2187 1100 2251 iura
1123 2190 1275 2272 quaedam

274 2289 412 2354 tribunis
437 2290 542 2372 plebei
570 2290 722 2366 restituit;
763 2302 811 2368 et,
850 2313 1039 2376 quamquam
1068 2294 1113 2354 L.
1142 2290 1275 2354 Sicinius

273 2393 395 2476 primus
415 2396 453 2456 de
474 2403 631 2476 potestate
651 2392 819 2455 tribunicia
838 2393 928 2479 loqui
950 2416 1042 2456 arrsus
1064 2393 1275 2456 mussantibus

273 2495 368 2560 vobis
389 2494 623 2560 circumventus
641 2507 726 2572 erat,
751 2507 855 2558 tamen
875 2485 1026 2578 priusilli
1046 2496 1195 2563 iuvidiam
1211 2517 1320 2568 me-2o

239 2602 383 2682 fituere,
418 2621 510 2684 quam
540 2621 599 2664 vos
622 2596 752 2663 iniuriae
777 2611 959 2680 pertaesum
984 2611 1043 2667 est.
1097 2600 1194 2684 Quod
1212 2607 1274 2686 ego

274 2723 400 2786 nequeo
418 2701 494 2765 satis
510 2701 641 2778 mirari,
666 2700 825 2781 Quirites3
849 2723 919 2766 nam
939 2725 1026 2785 spem
1041 2703 1160 2768 frustra
1176 2703 1274 2768 luisse

272 2803 487 2894 intellexistis.
532 2805 619 2868 Sulla
643 2816 789 2880 mortuo,
815 2805 869 2888 qui
888 2806 1054 2869 scelestum
1077 2805 1275 2887 imposuerat

272 2906 457 2983 servitium,
490 2901 690 2972 finem‘mali
727 2906 914 2972 credebatis.
970 2910 1069 2974 Ortus
1100 2921 1147 2971 est
1175 2910 1272 2994 louge
1301 2953 1304 2958 -

272 3009 402 3074 saevior
431 3009 576 3080 Catulus.
624 3009 790 3072 Turmultus
815 3010 993 3074 intercessit
1016 3012 1119 3074 Bruto
1144 3023 1175 3074 et
1197 3013 1316 3083 Maus

272 3134 381 3177 mereo
404 3111 605 3188 consulibus;
629 3111 698 3175 dein
721 3109 763 3210 (ξ.
781 3111 881 3180 Curio
900 3115 939 3176 ad
954 3111 1082 3176 exitium
1102 3135 1201 3198 usque
1224 3115 1273 3179 in·

308 3265 333 3314 9.
352 3268 399 3323 ipsi
436 3266 478 3314 11.
507 3269 557 3314 illic
605 3265 646 3312 12.
674 3269 795 3326 plerique:
825 3263 902 3330 (neris
921 3293 931 3304 ·
949 3293 960 3305 ·
979 3293 989 3307 ·
1007 3268 1163 3320 defendenda)
1191 3276 1271 3317 cetere

359 3335 402 3383 lt.
420 3353 449 3384 ue
468 3337 572 3384 oblinere
608 3335 651 3385 25.
671 3343 694 3382 et
710 3339 813 3384 Acutilio
831 3341 953 3400 Mamerco

270 3465 374 3532 lectio,
399 3465 532 3539 praeferri
561 3465 677 3520 debebat
697 3468 775 3522 elteri
795 3467 865 3521 Edd.
885 3481 950 3519 verr.
971 3464 1119 3522 admodum
1139 3467 1272 3524 vendibili

270 3541 408 3594 vobismet
419 3547 474 3613 ipsi
479 3544 494 3593 l
516 3573 546 3584 ·-
562 3542 602 3594 ad
612 3560 665 3594 vos
671 3547 807 3616 plerique]
820 3543 875 3595 Cur
888 3542 1089 3616 interpolarent
1099 3545 1225 3598 nonnulli
1234 3543 1274 3598 ad

270 3635 323 3671 vos
341 3616 470 3669 redibunt
484 3617 632 3689 plerique?

326 3693 350 3759 §.
370 3691 397 3746 4.
418 3691 529 3744 dubium
547 3693 647 3744 habere
666 3713 748 3761 necin,
768 3693 825 3744 ne?
845 3723 880 3735 -
899 3711 935 3744 ex
950 3692 1085 3766 factione
1101 3695 1214 3754 medio?
1235 3722 1272 3737 -

270 3771 476 3820 circumventus
495 3768 578 3822 Catil.
599 3776 643 3829 51.

326 3845 348 3910 ᾗ.
368 3846 397 3900 5.
422 3843 580 3912 agebantur
608 3843 711 3907 Codd.;
732 3859 827 3898 contro
848 3841 917 3897 Edrl.
937 3847 1001 3917 aliq.
1022 3847 1214 3914 egerentem?
1237 3876 1267 3890 -

266 3925 438 3989 praesertim
458 3937 540 3989 qurum
558 3936 585 3972 et
605 3939 685 3991 queram
702 3925 869 3991 praesertim
890 3917 969 3992 (cod.
991 3923 1087 3974 Turio.
1115 3921 1271 3988 Einsiedl.)‚

271 3998 312 4047 uti
334 4010 395 4046 eum
413 3995 523 4048 Kritzlo
542 3995 594 4068 leg.
614 4011 655 4048 est
679 3995 739 4049 Car.
762 4000 814 4061 51,
835 3998 856 4062 ᾗ.
880 3999 924 4053 19.
947 4014 996 4068 pro
1018 4014 1100 4064 qrercm
1110 4003 1267 4066 praesenti.

270 4096 308 4110 ··-
328 4061 561 4122 dominationem
582 4071 679 4122 vobis:
708 4073 813 4142 Quidni
835 4077 864 4123 in
882 4073 954 4124 vos?
973 4086 1003 4124 ut
1023 4075 1051 4123 iu
1072 4071 1170 4142 Lepidi
1191 4072 1269 4144 Orat.

271 4144 295 4210 ᾗ.
317 4149 343 4197 2.
370 4143 569 4198 dominationis
597 4152 628 4198 in
650 4163 703 4197 vos
727 4153 872 4199 servitium
900 4165 978 4198 starem
1010 4143 1162 4200 rueroeclein
1191 4147 1267 4201 clarel.

271 4216 327 4274 Cir.
348 4233 441 4273 temen
461 4221 543 4276 Catil.
562 4227 588 4284 8.
608 4221 738 4292 fortuna
755 4227 788 4276 in
807 4228 881 4277 urrini
900 4241 930 4275 re
952 4220 1120 4276 dorraloatur.
