2848 4928
273 411 313 474 18

232 601 234 610 t
271 551 360 636 leges
384 569 486 636 neque
508 548 539 614 di
561 541 692 632 penates
714 545 816 613 civem
838 543 1012 632 patiuntur.
1057 545 1189 632 Perge,
1213 567 1277 630 qua
1302 558 1306 566 '

271 665 421 736 coeptas,
445 665 479 717 ut
500 676 594 738 quam
617 663 809 717 maturrume
830 649 943 738 merita
964 650 1123 715 invenias.

211 751 261 835 10
334 757 407 823 Vos
425 769 547 834 autem,
571 759 685 822 Patres
699 755 891 837 conscripti,
914 775 1081 840 quousque
1096 755 1275 846 cunctando

270 881 338 924 rem
360 860 519 945 publicam
540 859 671 922 intutam
692 857 856 942 patiemini
878 871 910 922 et
935 858 1043 922 verbis
1065 878 1151 921 arma
1171 868 1275 927 teuta-

268 964 369 1030 bitis?
401 964 553 1029 Deiectus
584 965 757 1027 advorsum
785 983 847 1026 vos
880 961 995 1038 habiti3
1031 959 1185 1050 pecuniae
1214 971 1303 1042 pu-5

268 1069 352 1132 blice
384 1078 415 1130 et
446 1064 597 1149 priuatim
625 1077 790 1142 extortae3
825 1064 984 1149 praesidia
1013 1063 1146 1128 deducta
1178 1075 1273 1148 atque

268 1169 435 1253 imposita3
458 1191 498 1234 ex
520 1169 659 1235 lubidine
680 1169 768 1254 leges
789 1167 1004 1253 imperantur,
1028 1189 1126 1254 quom
1147 1164 1274 1230 interim

267 1295 328 1338 vos
350 1274 474 1358 legatos
498 1284 529 1336 et
544 1276 672 1336 decreta
687 1271 819 1357 paratis.
864 1272 992 1353 Quanto
1009 1261 1195 1336 mehercule
1205 1268 1274 1334 avi·

267 1376 338 1440 dius
360 1397 469 1458 pacem
491 1375 666 1458 petieritis,
690 1388 779 1441 tauto
802 1375 920 1440 bellum
943 1373 1046 1438 acrius
1070 1375 1150 1452 erit,
1175 1395 1275 1459 quom

243 1477 432 1565 *intelleget
454 1501 487 1544 se
509 1491 595 1543 metu
617 1478 718 1564 magis
741 1500 836 1567 quam
859 1499 961 1561 aequo
985 1489 1016 1541 et
1038 1479 1126 1542 bono
1149 1488 1320 1546 susten-10

265 1593 378 1646 tatum.
428 1585 512 1646 Nam
542 1582 596 1666 qui
626 1585 737 1645 turbas
760 1594 791 1645 et
813 1583 940 1645 caedem
964 1581 1080 1646 civium
1104 1580 1207 1645 odisse
1231 1580 1276 1643 ait

267 1697 301 1749 et
322 1689 366 1750 ob
387 1685 438 1764 id,
463 1698 584 1754 armato
599 1685 754 1768 Lepido,
779 1707 839 1751 vos
861 1685 1000 1748 inermos
1023 1685 1156 1760 retinet,
1193 1704 1274 1766 quae

268 1788 362 1853 victis
384 1790 549 1855 toleranda
573 1801 663 1866 sunt,
695 1811 752 1864 ea,
788 1810 884 1872 quom
905 1788 1014 1852 lacere
1035 1787 1186 1870 possitis,
1216 1807 1274 1868 pa-

208 1949 212 1954 .
266 1892 386 1954 iiamini
407 1892 514 1974 potius
544 1903 663 1963 censet,
713 1892 765 1954 Ita
786 1891 834 1954 illi
855 1913 873 1953 a
895 1875 989 1954 vobis'
1011 1912 1140 1972 pacem,
1179 1889 1274 1954 vobis

208 1983 256 2066 ll
270 1997 309 2057 ab
332 1994 387 2058 illo
411 1995 527 2056 beilum
549 1995 673 2056 suadet.
717 1995 809 2056 Haeo
830 1993 856 2056 si
877 1994 1019 2074 placent,
1050 1993 1077 2056 si
1097 2004 1182 2057 tauta
1205 2004 1320 2057 tor-15

267 2099 352 2180 pedo
384 2096 503 2160 animos
534 2095 713 2180 oppressit,
752 2095 908 2186 ”tollii
940 2097 1095 2160 scelerum
1133 2095 1272 2176 Cinnae,

269 2199 357 2263 euius
391 2197 423 2262 in
456 2201 567 2262 urbem
596 2199 700 2262 reditu
729 2202 825 2262 decus
854 2198 975 2263 ordinis
1008 2200 1100 2263 huius
1132 2200 1271 2278 interiit,

268 2301 471 2366 nibilominus
493 2323 555 2366 vos
578 2315 671 2386 atque
690 2302 842 2386 coniuges
866 2313 897 2364 et
919 2303 1039 2366 liberos
1055 2302 1182 2385 Lepido
1198 2324 1274 2384 per-

269 2405 396 2467 missuri
418 2403 503 2482 sitis,
524 2404 606 2488 quid
623 2426 704 2486 opus
720 2402 879 2467 decretis?
901 2403 977 2486 quid
998 2403 1118 2468 atiuilio
1143 2403 1274 2468 Catuli‘t'

270 2507 356 2589 Quin
388 2507 415 2572 is
445 2519 477 2570 et
507 2507 560 2570 alii
591 2503 679 2586 boui,
701 2528 770 2570 rem
802 2505 960 2589 publicam
992 2507 1115 2570 frustra
1147 2509 1347 2595 curant.2o'
1413 2531 1414 2578 ;

269 2591 392 2696 Agite,
416 2611 462 2675 uti
483 2612 588 2686 lubet;
612 2622 724 2693 parate
739 2609 832 2674 vobis
850 2608 987 2695 Cethegi
1007 2623 1101 2695 atque
1116 2611 1176 2676 alia
1194 2631 1272 2694 pro·

305 2801 330 2849 2.
351 2817 397 2861 qua
415 2803 515 2859 coepisti
551 2801 576 2849 8.
595 2804 628 2848 tit
644 2809 732 2861 quanto
768 2801 810 2848 12.
830 2804 935 2848 inermes

261 2978 346 3032 ,treme
358 2957 427 3013 Edd.
448 2959 513 3031 aliq.
552 2959 637 3012 Estne
657 2977 747 3014 merus
769 2977 845 3013 error
863 2959 1041 3015 librariorum
1060 2963 1122 3016 Sec.
1141 2962 1217 3030 XV„
1236 2979 1272 3017 an

269 3042 355 3112 ipsius
387 3036 500 3090 Salustii
524 3033 643 3088 manus?
672 3065 707 3078 -
736 3035 878 3088 Charisius
899 3036 961 3088 Lib.
980 3041 1007 3090 2.
1028 3057 1053 3109 p.
1075 3037 1138 3098 184.
1158 3041 1271 3094 Putech.

270 3113 338 3182 «Μ.
361 3113 430 3166 Cato
456 3113 563 3162 dierum
592 3107 729 3162 dictarum
751 3108 784 3162 de
807 3109 952 3163 consulatu
972 3129 1036 3165 suo:
1057 3144 1075 3154 -
1094 3145 1113 3155 ·-
1133 3121 1272 3167 maxianus

269 3190 405 3240 tumultus
429 3190 624 3238 maturissrtme
652 3185 748 3237 disiect'
775 3193 859 3256 atque
879 3186 1064 3240 consedavi.'’
1085 3215 1121 3228 -·
1142 3191 1268 3264 Scriptor

269 3262 304 3315 ad
323 3265 491 3316 Herennium
512 3263 545 3327 i,
572 3267 616 3319 17.
635 3265 664 3312 in
683 3269 779 3313 aetate
798 3267 1015 3326 maturissuma,
1037 3261 1133 3317 allatus
1154 3283 1272 3339 propre-

268 3354 315 3390 rea
335 3337 385 3391 sub
406 3339 549 3392 Ciceronis
569 3341 681 3389 nomine
702 3339 878 3391 apuniano
899 3341 926 3404 5,
946 3343 972 3398 ὅ.
993 3338 1027 3390 Τ.
1047 3339 1069 3391 I.
1090 3357 1117 3411 p.
1139 3344 1201 3399 116.
1220 3343 1271 3396 Kr.

269 3412 421 3468 Columella
442 3420 495 3480 12,
531 3419 574 3472 17.
596 3409 675 3484 fictas
701 3413 803 3464 viridis
829 3431 911 3485 quam
936 3418 1130 3466 maturissima
1151 3415 1272 3486 legenda

269 3498 331 3555 ert,
351 3493 435 3541 etiam
456 3493 486 3540 in
506 3486 575 3541 Cod.
595 3489 835 3559 sangermanensi.

326 3566 349 3632 p.
370 3572 413 3621 10.
435 3563 566 3630 deducta]
586 3577 604 3628 ἀ
614 3567 633 3616 i.
653 3581 677 3618 e.
698 3563 856 3616 distributa.
867 3563 884 3588 ''
917 3563 1003 3618 Coun.
1022 3561 1064 3631 (i)
1083 3594 1120 3608 -
1141 3565 1196 3619 Cur
1215 3571 1271 3618 im-

248 3646 420 3712 perantur,
439 3656 514 3704 non,
539 3653 570 3691 ut
589 3637 715 3691 nonnulli
736 3637 883 3705 volebant,
902 3640 1080 3710 imperatae?
1100 3669 1136 3681 -
1154 3649 1271 3692 susten-

269 3715 388 3768 taiuml,
412 3741 442 3754 -
473 3719 610 3768 inermos:
647 3743 677 3756 ·-
711 3717 819 3785 Quaere
840 3713 941 3768 similia
961 3715 1111 3786 quaedam,
1133 3732 1163 3770 ut
1182 3720 1271 3766 semi-

268 3807 381 3846 somnus
401 3804 455 3842 cet.
492 3789 664 3860 Pomponius
694 3792 792 3843 Laetus
819 3790 846 3842 b.
866 3787 887 3846 l.
907 3795 1036 3846 inermes.
1056 3789 1106 3844 clr.
1126 3792 1215 3844 Kritz.
1235 3788 1269 3841 ad

227 3883 228 3889 ¹
269 3868 352 3922 Catil.
373 3869 418 3924 59.
437 3882 464 3936 p.
484 3868 547 3923 518.
568 3891 604 3905 -
623 3863 744 3932 secedet,
766 3882 801 3919 an
819 3865 957 3932 suadent,
977 3883 1006 3920 ut
1026 3866 1129 3921 habent
1149 3863 1218 3919 alii?

280 3957 283 3962 '
326 3945 350 4010 ᾗ.
373 3945 415 3998 ti.
435 3938 598 4011 Exemplar:
619 3949 701 3992 tanta
727 3941 843 4012 torpedo
862 3946 970 3992 animos
983 3945 1119 4014 oppressit
1137 3945 1199 4006 (cur
1212 3956 1269 3992 nou

271 4017 451 4084 obrepsit?):
471 4017 595 4066 imitator
616 4013 787 4089 (Pseudosal.
809 4013 843 4067 ad
863 4017 940 4070 Caes.
960 4023 994 4083 2,
1024 4015 1079 4088 8.):
1110 4014 1217 4066 desidia
1240 4023 1270 4066 et

270 4098 377 4144 inertia
395 4102 423 4144 et
441 4098 539 4161 stttpor
558 4107 605 4140 eos
623 4098 705 4160 atque
718 4091 834 4162 torpedo
853 4097 970 4146 invasit.
989 4121 1025 4134 -
1044 4091 1136 4142 vera?
1157 4117 1191 4132 -·
1209 4108 1269 4143 no-

271 4173 363 4232 mine,
393 4184 428 4220 an
447 4183 510 4220 euin
530 4163 617 4220 codd.
637 4180 665 4218 et
683 4165 839 4240 Pomponio
858 4167 982 4218 nomini?
1012 4195 1050 4208 ·-
1078 4169 1221 4232 ingenium
1240 4167 1269 4221 b.

271 4239 312 4298 ii
332 4243 429 4295 Doara
448 4239 558 4297 volebat
576 4244 731 4313 imperium.
749 4271 787 4286 -·
805 4237 942 4296 collecta?
960 4241 1036 4296 Num
1054 4241 1224 4297 eontracta?
