2848 4928
256 465 335 565 'st

291 619 373 658 assez
399 604 486 667 facile
514 603 548 655 de
569 611 669 674 portet
697 605 727 656 lc
753 619 856 674 guerre
884 603 935 656 sur'
964 604 989 657 le
1010 621 1087 677 pays
1106 613 1229 675 ennemi,
1261 617 1290 660 ei

293 681 440 752 d'exposer
459 694 511 731 nos
528 694 679 735 personaret
703 697 762 730 attat
781 680 960 744 euinemstts,
980 698 1048 732 sans
1067 690 1227 734 commetire
1245 700 1290 734 ses

293 758 376 809 itata.
394 783 432 798 -·-
471 755 624 824 Uebrigens
641 759 681 806 ist
699 773 782 806 tsttser
800 753 968 829 Entschluss
986 754 1121 830 gefasst:
1150 756 1221 808 noeis
1238 757 1290 811 iat

292 835 446 892 Artuenien
463 830 541 882 nicht
559 830 699 898 gelimam·
718 835 770 882 mit
788 835 896 882 meineri
914 831 1164 899 kriegssrlltlrrrten
1183 833 1289 884 Solda-

293 917 341 960 ten
369 908 466 960 suellen
494 911 561 972 mir,
584 904 661 975 ferte
691 923 748 958 von
779 923 882 956 unserrt
911 905 1041 959 medem
1052 945 1061 974 ,
1096 912 1148 957 mii
1176 907 1290 959 leicltter

292 981 394 1048 Meae,
406 979 466 1052 fiir
484 998 567 1032 ttrtsrs
586 979 692 1032 Person
710 979 772 1032 dem
790 983 896 1048 Krisge
915 987 960 1032 ein
976 979 1053 1032 Eude
1066 981 1180 1032 macheu
1190 1002 1200 1042 ‚·
1210 981 1292 1052 falls

293 1057 427 1126 (quando)
456 1061 507 1110 ruit·
536 1053 605 1106 ohne
633 1054 731 1106 desum
746 1055 904 1108 'Nachtheil
925 1057 1015 1107 uteder
1033 1061 1131 1124 siegen
1149 1057 1220 1108 noclt
1238 1059 1290 1108 be-

292 1139 368 1200 siegt
387 1132 496 1183 uterden
514 1133 630 1183 konnen.
669 1128 773 1182 Eadem
790 1129 984 1185 distinctione:
1005 1132 1134 1184 Ceterum
1147 1135 1291 1184 cortsilium

293 1218 351 1274 est,
384 1207 520 1274 Tigranis
538 1223 629 1274 regno
651 1209 765 1274 integro
785 1207 921 1278 praelata,
952 1205 1080 1260 Burnouf
1104 1207 1177 1260 bunc
1196 1207 1295 1272 locum,

293 1288 334 1339 tic
361 1287 555 1354 interpretatus
581 1297 641 1334 est:
675 1281 732 1345 „ln
759 1282 808 1335 tali
834 1299 926 1334 terum
952 1295 1043 1348 statu,
1074 1283 1211 1352 reliquum
1237 1282 1292 1337 tibi

291 1357 440 1411 eonsilium
461 1373 518 1424 est,
546 1353 613 1429 (una
632 1359 708 1426 patet
726 1355 808 1410 rebus
829 1362 883 1412 tuis
903 1357 1064 1410 consulendi
1084 1362 1142 1420 via;
1163 1356 1292 1412 videlicet

292 1449 323 1486 ut
344 1449 389 1497 tu,
422 1430 487 1483 tium
514 1430 605 1484 adhue
633 1434 770 1502 integrum
798 1448 840 1486 est
860 1450 972 1504 regnum
994 1433 1121 1503 Tigranis
1143 1448 1170 1484 et
1190 1436 1290 1486 adsunt

291 1507 362 1560 mihi
383 1506 483 1560 milites
503 1511 626 1562 Romano
646 1505 720 1558 bello
740 1512 856 1578 experti,
869 1505 965 1578 procul
979 1505 1013 1558 ab
1027 1523 1074 1560 tua
1088 1507 1186 1572 domo,
1206 1523 1291 1580 parvo

291 1598 341 1636 tuo
359 1580 468 1649 labore,
488 1601 536 1655 per
554 1597 662 1634 nostras
683 1599 779 1635 manus
793 1598 820 1636 et
834 1597 928 1636 nostra
945 1582 1081 1654 pericula,
1100 1582 1204 1635 bellum
1224 1600 1291 1635 con-

291 1659 380 1712 iicias.
419 1660 494 1724 Hoc,
517 1662 646 1728 inquam,
667 1675 753 1710 unum
774 1657 825 1710 tibi
845 1672 930 1710 restat
943 1657 1109 1723 consilium,
1130 1663 1194 1729 quia
1213 1657 1290 1723 (scil.

291 1733 358 1805 legit
377 1733 497 1804 giraudo)
517 1751 606 1803 neque
626 1735 737 1784 vincere
756 1751 844 1804 neque
863 1737 935 1786 vinci
957 1749 1121 1804 possumus,
1151 1737 1219 1804 quin
1237 1751 1291 1805 pe-

292 1808 374 1860 riculi
394 1805 578 1878 contagio'ad
598 1822 624 1860 te
643 1812 798 1879 perveniat,
830 1807 914 1879 tuque
943 1823 989 1860 aut
1008 1824 1102 1861 nostra
1122 1823 1169 1862 aut
1189 1810 1290 1860 Roma-

292 1900 392 1936 norum
413 1887 513 1936 iniuria
533 1883 690 1936 involvaris.
735 1884 862 1936 Ceterum
882 1898 931 1955 pro
952 1881 1106 1948 adiectivo,
1126 1899 1156 1935 ut
1176 1887 1291 1956 passim,

292 1977 350 2011 non
370 1975 417 2030 pro
438 1955 567 2009 adverbio
586 1954 739 2028 intellige.''
758 1986 795 1999 -
827 1955 915 2011 Aliter
934 1974 1026 2010 rursus
1046 1958 1157 2011 Dureau
1176 1961 1210 2011 de
1229 1958 1290 2009 La-

292 2030 389 2084 malle:
410 2033 457 2082 Λα
475 2039 566 2095 reste,
594 2034 668 2082 voiei
687 2049 744 2084 ntes
758 2032 890 2102 projecte
909 2033 934 2083 le
953 2049 1087 2102 royaume
1107 2031 1141 2083 de
1161 2032 1288 2101 Tigrane

292 2108 365 2159 st'est
380 2109 462 2176 point
481 2105 608 2166 eutame',·
630 2106 692 2174 J'ai
711 2106 759 2157 des
777 2107 884 2158 soldaris
901 2108 1006 2158 vieillis
1024 2107 1096 2158 dans
1114 2108 1155 2158 les
1179 2107 1290 2160 baiail-

291 2183 350 2239 lest
364 2182 401 2250 je
419 2181 539 2253 repentis
558 2183 590 2231 de
616 2185 689 2232 tenir
707 2182 736 2233 la
750 2199 852 2250 guerre
871 2183 930 2234 lein
948 2182 981 2233 de
1001 2191 1043 2234 ies
1060 2184 1154 2246 itata,
1175 2191 1203 2235 et
1220 2200 1290 2236 avec

292 2277 339 2308 ma
369 2262 425 2308 ieie
453 2265 483 2308 et
500 2275 564 2308 ntem
583 2257 649 2308 bras
661 2257 698 2325 je
718 2258 837 2326 reponds
855 2257 887 2308 de
907 2259 937 2308 la
956 2264 1089 2310 terminer
1108 2275 1175 2308 sans
1189 2263 1290 2328 peius,-

292 2336 365 2384 mais
384 2339 415 2382 iu
440 2331 503 2383 dois
530 2338 620 2383 sentia·
647 2337 808 2398 toi-meme,
840 2333 909 2402 qu’il
934 2334 1006 2384 n'est
1026 2338 1109 2403 point
1126 2325 1289 2402 indiffi‘rent

289 2424 362 2477 pour
382 2414 413 2457 io
431 2406 524 2459 stirete‘
542 2407 576 2456 de
594 2425 664 2458 notes
682 2407 781 2464 luisset
799 2412 931 2477 against-e,
960 2426 994 2458 ou
1014 2409 1047 2458 de
1065 2425 1134 2458 nous
1150 2423 1288 2477 protester

293 2483 322 2534 Ia
341 2485 469 2533 victoira.
489 2507 527 2536 -,-·
546 2481 606 2550 lam
626 2499 690 2534 veto
710 2480 885 2534 manifestum
906 2497 947 2534 est
966 2488 997 2535 ln
1022 2483 1065 2534 his
1086 2487 1178 2554 potius
1199 2487 1287 2535 inesse
1322 2529 1326 2541 ,

292 2556 391 2625 debere
411 2557 653 2627 reprehensionem
673 2556 793 2627 aliquam
814 2557 957 2628 Tigranis,
976 2561 1075 2610 veteris
1096 2558 1184 2610 hostis
1204 2573 1288 2626 atque

292 2637 400 2686 inimici
429 2636 547 2684 Arsacis.
584 2632 657 2702 Ergo
676 2649 739 2684 cum
763 2631 910 2686 Gerlacbio
937 2636 966 2684 in
992 2633 1151 2685 Commeat.
1182 2630 1287 2686 distin-

292 2705 450 2779 guendum:
472 2707 695 2772 „consilittmest
714 2707 865 2775 Tigranis,
896 2725 985 2774 regno
1004 2713 1118 2776 integro
1133 2723 1196 2772 een,
1217 2723 1288 2778 quae

292 2789 333 2836 sic
353 2787 532 2852 interpretor:
554 2783 682 2852 Tigranis
697 2786 719 2834 ti
734 2799 789 2836 uon
803 2781 953 2854 perfidum,
974 2797 1097 2834 attamen
1111 2782 1241 2834 callidum
1256 2799 1288 2836 ac

293 2861 398 2929 proprii
418 2853 555 2908 commodi
575 2860 655 2908 unice
676 2872 806 2928 appetens
822 2857 971 2910 consilium
983 2857 1036 2909 hoc
1055 2873 1114 2920 est,
1135 2855 1286 2914 dummodo

293 2932 512 3003 regnum'suum
539 2935 674 3001 integrum
704 2947 829 2998 maneat,
856 2933 964 2998 (saltem
991 2937 1118 2986 Armenia
1144 2937 1286 3004 superior,

292 3011 322 3060 in
341 3021 423 3076 quam
450 3007 566 3059 Romani
590 3009 714 3058 nondum
743 3005 933 3078 penetrarunt)
954 3021 986 3058 ao
1007 3012 1166 3078 praesertim
1187 3011 1286 3079 copiae

292 3081 441 3144 militares,
467 3097 532 3152 quas
554 3083 710 3132 etiamnunc
729 3081 828 3144 habet,
870 3081 1021 3133 incolumes
1041 3099 1195 3146 serventur,
1228 3081 1288 3134 bel-

291 3158 347 3209 lum
368 3155 501 3210 conficere
521 3159 589 3208 meis
610 3153 751 3208 dumtauat
772 3155 921 3219 militibus,
940 3155 1005 3208 belli
1021 3157 1216 3226 prudentibus,
1237 3161 1286 3226 qui

291 3247 431 3304 praeterea
450 3229 545 3302 procul
564 3245 579 3280 a
598 3235 700 3302 patria,
720 3233 826 3296 Ponto,
846 3248 928 3302 quum
943 3236 1015 3294 sint,
1037 3229 1128 3300 fugam
1142 3237 1186 3286 vix
1205 3247 1287 3304 atque

291 3312 336 3362 vix
355 3322 494 3378 capessere
508 3311 538 3358 in
550 3321 665 3376 suasque
685 3303 762 3358 sedes
782 3325 831 3378 pro
851 3325 879 3358 se
899 3309 1012 3376 quisque
1033 3312 1130 3362 reverti
1150 3322 1286 3378 possunt,

291 3397 374 3454 parvo
406 3387 500 3457 utique
532 3397 582 3433 suo
610 3380 723 3448 labore,
754 3397 937 3452 spectatorem
972 3398 1056 3450 quum
1088 3399 1199 3436 acturus
1229 3386 1285 3447 sit,

289 3469 437 3524 nostraque
468 3456 558 3508 solum
587 3472 703 3527 corpora
735 3456 890 3508 discrimini
922 3455 1096 3515 obiecturum
1130 3455 1287 3512 cuiusmodi

290 3530 366 3584 bello
386 3547 435 3598 ego
456 3536 585 3601 melque,
603 3535 649 3601 qui
670 3531 721 3584 soli
742 3531 942 3603 pugnabimus,
962 3548 1049 3600 neque
1069 3536 1178 3584 vincere
1196 3551 1286 3601 neque

290 3607 364 3660 vinci
384 3609 442 3656 sine
462 3620 510 3657 tuo
530 3607 653 3676 periculo
673 3624 826 3678 possumus.
861 3607 971 3658 Etenim
992 3611 1015 3657 si
1035 3610 1192 3671 vicerimus,
1212 3607 1281 3659 atleo

291 3677 434 3752 augebitur
459 3680 587 3750 Tigranis
616 3686 761 3751 potentia,
794 3679 844 3733 tibi
873 3696 902 3731 ut
930 3681 1034 3732 bellum
1060 3699 1152 3734 rursus
1184 3681 1286 3734 inferre

290 3771 439 3809 conaturus
457 3757 507 3815 sit;
527 3759 571 3806 sin
589 3759 655 3808 victi
675 3761 791 3821 erimus,
818 3759 932 3806 Romani
956 3756 1005 3808 tibi
1026 3756 1181 3825 ingruent.''
1202 3755 1285 3809 Vides

291 3836 375 3901 igitur
407 3835 425 3880 θ’
447 3845 489 3879 ma
522 3843 579 3880 arte
605 3833 680 3902 lungl
716 3829 769 3882 duo
796 3827 918 3880 membra
941 3832 1008 3882 eneis
1036 3831 1170 3882 militibus
1185 3831 1290 3901 procat!

291 3905 326 3954 ab
346 3903 424 3958 domo
444 3917 472 3956 et
487 3920 581 3972 parvo
599 3906 694 3958 labore
710 3921 761 3975 per
786 3912 887 3956 uestro
906 3923 1046 3974 corpora;
1064 3923 1118 3956 uon
1139 3922 1179 3970 ut,
1199 3923 1285 3980 prae-

291 3985 389 4031 sertim
415 3978 461 4031 ills
485 3978 585 4045 procui
601 3980 637 4029 ab
663 3980 754 4044 dotato,
787 3979 822 4032 ad
857 3980 1004 4050 Tigranem
1033 3977 1205 4038 reserantur.
1235 3980 1285 4032 scd

291 4057 372 4106 unice
404 4051 438 4104 ad
471 4050 642 4106 Mithridatis
668 4055 778 4106 milites.
818 4055 876 4106 lam
898 4051 1095 4125 difficillimum
1115 4071 1155 4106 est
1176 4054 1285 4108 diiudi-

291 4142 377 4189 catu,
396 4143 489 4180 utrum
509 4145 549 4180 vv.
569 4125 631 4178 belli
647 4129 846 4196 prrtdsntibus,
867 4143 882 4180 a
902 4131 1028 4182 Cltarisio
1042 4146 1165 4194 servata,
1184 4132 1285 4200 egloe-

292 4216 394 4256 temate
413 4206 486 4270 siut,
507 4200 622 4257 fortasse
647 4220 680 4256 ex
705 4207 812 4278 aspro,
844 4208 956 4276 antiquo
987 4204 1099 4260 Salustii
1125 4210 1284 4279 interprete,
