2848 4928
173 1323 235 1399 10.
267 1320 409 1401 cnsp,
435 1319 685 1400 ouunmus
710 1319 932 1399 unoumo
953 1320 1174 1399 nummo

465 1471 669 1560 nosnuo
697 1478 738 1559 s.
761 1451 811 1556 n.
838 1482 884 1556 n.

95 1893 97 1899 ’
172 1847 311 1966 Cetera
334 1899 465 1965 Salustii
485 1901 605 1984 scripta
626 1925 722 1989 quum
737 1900 915 1968 sexcenties
929 1901 992 1966 iam
1014 1901 1098 1966 edita
1115 1899 1177 1964 sint

171 2005 202 2069 in
222 2005 471 2069 adolescentium
493 2028 606 2086 usum,
642 2009 740 2071 semel
762 2009 819 2072 has
839 2025 968 2094 quoque
993 2006 1176 2089 praeclaras

172 2107 237 2171 eius
255 2106 424 2190 reliquias,
448 2107 606 2174 immerito
622 2108 692 2174 lere
714 2111 895 2196 neglectas,
918 2109 1026 2173 iisdem
1051 2129 1177 2191 propo·

171 2231 248 2274 nere
272 2211 381 2274 statui.
430 2210 557 2274 Etenim
576 2213 661 2276 haud
681 2234 816 2296 prorsus
833 2212 1062 2294 repudiandum
1084 2211 1174 2274 vide·

171 2313 267 2377 batur
287 2312 476 2379 Cortiauum
493 2313 592 2378 illud:
616 2337 699 2399 ,pro
715 2327 804 2380 certo
824 2315 978 2386 affirmare
990 2334 1174 2396 possumus,

173 2417 227 2500 qui
251 2417 376 2501 genium
402 2419 550 2498 Salustii,
592 2417 875 2484 emendatissimum
905 2439 1006 2504 genus
1032 2415 1173 2493 dicendi,

171 2535 400 2605 praegnantem
430 2525 618 2587 brevitatem
654 2523 790 2606 propius
816 2544 911 2588 nosse
945 2519 1050 2603 eupit,
1087 2520 1177 2583 illum

171 2621 262 2702 prius
283 2624 458 2688 Orationes
481 2626 549 2688 illas
575 2637 606 2688 et
628 2625 813 2706 Epistulas,
848 2646 940 2709 quam
962 2624 1089 2704 integra
1112 2623 1175 2684 duo

174 2721 283 2805 Crispi
307 2746 405 2806 opera
428 2726 538 2810 legere
561 2729 689 2790 debere.
734 2729 806 2790 Hae
830 2726 909 2790 enim
926 2746 1022 2810 quum
1045 2744 1108 2786 non
1124 2735 1177 2787 to-

172 2821 238 2890 ties¹
255 2825 393 2890 librariis
414 2829 573 2894 obnoxiae
596 2829 713 2893 luerint
733 2850 826 2916 quam
850 2828 986 2894 Catilina
1007 2838 1038 2890 et
1057 2826 1177 2911 Iugur·

171 2931 244 3007 tha,
279 2919 428 2995 nontam
453 2932 548 2995 foede
578 2944 750 3015 corruptae
772 2935 811 2994 ad
837 2955 895 2996 nos
923 2927 1175 3014 pervenerunt.’'

175 3033 248 3097 Neo
268 3035 400 3096 multum
421 3037 460 3098 ab
482 3034 532 3099 his
552 3036 707 3100 abhorret
728 3029 848 3101 Kritzii
866 3036 994 3120 elegans
1013 3029 1175 3098 iudicium.

173 3137 299 3218 (Praei.
321 3159 355 3220 p.
378 3135 513 3218 XVII.)

234 3240 325 3328 ¹Tota
340 3238 443 3305 autem
459 3241 558 3305 libelli
579 3240 664 3306 ratio
686 3242 767 3306 haee
789 3253 855 3306 est:
879 3240 1003 3304 adiutus
1017 3239 1176 3304 Vaticano

173 3341 278 3424 primo
294 3365 331 3405 ae
349 3345 685 3420 secundo'Gerlachii,
710 3345 869 3410 Vaticano
890 3343 986 3408 tertio
1006 3343 1074 3408 sive
1096 3340 1178 3406 Car·

173 3443 273 3507 rionis
307 3457 338 3508 et
360 3447 599 3532 Bongarsiana‚
625 3443 729 3532 quam'
746 3470 849 3531 nuper
875 3457 985 3511 nactus
1006 3467 1098 3522 sum,
1126 3443 1179 3508 vel

173 3545 269 3609 huius
284 3545 384 3627 ipsius
407 3551 557 3614 Vaticani
582 3551 668 3614 tertii
696 3553 748 3616 vel
771 3563 858 3615 certe
880 3549 1027 3613 simillimi
1047 3547 1178 3614 Codicis

176 3648 327 3713 Vaticani
350 3651 521 3718 collatione
557 3675 627 3717 oum
663 3654 829 3720 Carriouis
860 3675 935 3719 cura
965 3650 1178 3734 (Ant'verpiae

176 3753 232 3818 M.
256 3753 301 3817 D.
323 3755 523 3837 LXXIX),
558 3769 624 3820 tum
650 3757 740 3820 libris
770 3756 880 3821 Ursini
921 3769 952 3820 et
986 3752 1175 3828 Ciacoonii,

179 3855 315 3936 editione
325 3857 497 3938 Pomponii
509 3859 604 3925 Laeti
617 3863 754 3942 (Romae
769 3860 821 3924 M.
832 3859 967 3925 CCCC·
983 3858 1077 3938 XC.)
1093 3854 1178 3916 allis·

178 3980 239 4040 que
260 3960 443 4035 veteribus,
476 3963 590 4044 quibus
611 3962 755 4047 equidem
776 3983 950 4027 annumero
971 3962 1071 4026 libros
1094 3977 1177 4044 quos
1284 3953 1285 3958 ’
1307 4045 1313 4059 .

177 4061 283 4124 dieunt
309 4063 407 4127 Fabri
431 4075 462 4127 et
484 4065 676 4143 Briconeti,
714 4068 872 4148 permulta
896 4067 1072 4130 inveterata
1101 4060 1178 4124 vitia

176 4162 351 4250 foedasque
373 4168 637 4250 interpolationes
655 4169 727 4234 iude
752 4194 793 4234 ex
812 4170 949 4235 editione
971 4167 1024 4230 Io.
1048 4164 1178 4229 Britan·

175 4266 239 4332 nisi
262 4269 407 4347 (Brixiae
425 4271 478 4338 M.
498 4269 634 4340 CCCC.
650 4275 887 4353 LXXXXV.)
929 4273 1055 4336 Veneta
1076 4269 1176 4345 MD..
