2848 4928
1163 423 1183 484 9

245 571 415 659 Agendum
435 576 533 654 atque
556 568 683 633 obviam
704 568 838 630 eundum
860 575 927 643 est,
958 561 1119 647 Quirites,
1143 555 1219 634 nell

184 673 288 756 spolia
311 684 419 736 vestra
439 688 536 754 penes
558 671 630 736 illos
653 670 737 737 sinte
760 691 824 734 non
839 669 1059 751 prolatandum
1080 685 1188 750 neque

149 840 157 859 ¹
182 767 271 839 ¹votis
292 777 432 857 paranda
454 772 589 857 drusilia3
619 773 678 836 nisi
699 774 786 837 lorte
808 773 940 855 speratis
963 771 1099 836 taedium
1121 767 1184 832 iarn

183 889 238 940 aut
259 881 414 960 pudorem
435 877 608 956 tyrannidis
632 877 738 940 Sullae
761 897 830 939 esse
855 887 887 938 et
908 895 978 937 eum
1000 873 1185 956 perscelus

157 992 340 1061 sooeupata
364 979 574 1060 periculosius
590 978 803 1042 dimissurum.
848 979 896 1042 At
917 977 969 1040 ille
992 997 1032 1040 eo
1053 995 1187 1059 proees-

182 1083 243 1157 sit,
267 1093 302 1145 ut
323 1081 398 1145 nihil
421 1083 599 1166 gloriosum
621 1081 681 1144 nisi
701 1093 802 1144 tutum
825 1091 857 1144 et
879 1079 982 1142 omnia
1004 1079 1185 1143 retinendae

183 1184 405 1248 dominationis
438 1187 571 1248 honesta
604 1197 769 1248 aestumet.
824 1184 937 1267 Itaque
963 1183 1016 1246 illa
1043 1182 1132 1266 quies
1154 1167 1219 1250 et5

184 1287 285 1351 otium
313 1309 382 1350 eum
414 1288 579 1361 libertate,
618 1307 698 1373 quae
725 1286 814 1350 multi
842 1287 938 1369 probi
963 1285 1070 1368 potius
1093 1305 1197 1369 quam·

182 1389 327 1452 laborem
351 1411 421 1452 eum
444 1390 621 1454 honoribus
643 1393 869 1472 capessebant,
894 1391 979 1454 nuilla
1000 1399 1090 1453 suut:
1126 1389 1188 1449 hae

142 1503 371 1573 autempestate
401 1492 606 1557 serviundum
635 1505 689 1558 aut
719 1493 985 1575 imperitandum,
1022 1492 1187 1555 habendus

184 1606 287 1658 metus
309 1607 357 1658 est
376 1605 432 1660 aut
453 1595 638 1670 faciundus,
677 1596 832 1677 Quirites.
881 1597 962 1658 Nam
984 1595 1061 1680 quid
1081 1592 1188 1656 ultra?

186 1717 309 1778 quaeve
338 1697 471 1762 humana
501 1709 652 1780 superant
683 1711 737 1760 aut
766 1698 869 1760 diviua
894 1698 1061 1781 impolluta
1088 1696 1188 1760 sunt?
1245 1725 1249 1734 v

186 1799 332 1881 Populus
356 1800 538 1876 Romanus,
575 1801 684 1883 paullo
712 1811 785 1864 aute
813 1803 952 1884 gentium
980 1803 1186 1878 moderator,

186 1914 300 1966 exutus
322 1901 458 1984 imperio
481 1902 587 1986 gloria
609 1904 696 1980 iure,
728 1903 868 1987 agitandi
889 1903 981 1986 inops
1004 1897 1189 1984 despectus-

144 2025 248 2090 ‚5que
281 2026 321 2068 ne
350 2004 477 2070 servilia
505 2005 630 2088 quidem
661 2007 807 2089 alimenta
830 2006 950 2088 reliqua
974 2007 1082 2069 habet.
1126 2006 1223 2086 So·6

186 2107 309 2170 ciorum
333 2119 364 2170 et
384 2107 461 2170 Lati
483 2128 598 2192 magna
619 2109 668 2172 vis
690 2108 818 2173 civitate
835 2129 896 2191 pro
919 2107 1025 2170 multis
1048 2120 1079 2173 et
1094 2129 1190 2194 egre-

186 2209 248 2294 giis
275 2210 368 2274 tactis
398 2233 417 2272 a
444 2211 539 2275 vobis
570 2209 641 2274 data
669 2233 729 2293 per
758 2233 853 2274 unum
888 2210 1120 2292 prohihentur,
1159 2225 1191 2276 et

185 2311 287 2394 plebis
310 2313 458 2376 innoxiae
480 2312 599 2396 patrias
622 2316 713 2377 sedes
736 2335 936 2396 occupavere
955 2315 1050 2398 pauci
1071 2315 1192 2379 satelli-

185 2425 254 2491 tes,
291 2418 469 2478 mereedem
506 2417 674 2480 scelerum.
730 2419 840 2503 Leges
865 2416 979 2481 iudicia
1009 2419 1189 2495 aerarium,

144 2517 375 2599 20proviueiae
401 2539 497 2604 reges
524 2541 623 2602 penes
651 2541 764 2598 unum,
803 2519 937 2604 denique
966 2521 1052 2584 neeis
1074 2521 1191 2584 civium

221 2689 247 2735 2.
266 2705 340 2747 penes
359 2691 427 2736 illum
464 2688 489 2735 3.
514 2691 635 2746 speratis,
665 2703 710 2748 per
731 2675 835 2736 taedium
853 2693 901 2736 iam
919 2697 960 2736 aut
977 2695 1093 2748 pudorem
1111 2699 1192 2749 tyran·

274 2763 353 2816 nidis,
373 2774 427 2806 esse
447 2775 501 2806 eum
537 2759 562 2806 6.
582 2761 617 2806 uti
654 2759 679 2808 7.
699 2762 827 2806 existumet
861 2759 903 2806 11.
923 2767 1003 2808 metus
1021 2768 1061 2808 aut

241 2911 266 2977 §.
285 2909 312 2966 lt.
333 2910 443 2962 obviam
454 2907 583 2976 eundum]
605 2908 722 2965 Graece.
735 2935 770 2952 -
787 2909 869 2966 Unde
885 2925 945 2964 orta
958 2911 1137 2986 interpolatio
1150 2932 1195 2968 vv.

186 2991 308 3056 speratis
320 2985 442 3038 taedium
454 2987 526 3038 oeni
547 2983 670 3055 -Quid
689 2984 871 3039 iudicandum
890 2987 988 3040 dehac
1002 2990 1091 3041 Cottii
1105 3003 1192 3042 anno-

186 3067 307 3116 tatione:
337 3059 528 3128 “Videamum
555 3075 590 3113 an
610 3069 701 3114 tutum
721 3067 810 3114 active
831 3067 980 3134 sumpserit
1001 3062 1115 3135 Crispus
1139 3081 1190 3135 pro

157 3193 159 3200 ¹
187 3153 240 3202 eo,
267 3135 339 3209 quod
360 3151 469 3190 tueatur
487 3135 707 3190 dominationem
717 3137 827 3207 ’Ἧι-ἲ
851 3167 890 3180 -
913 3142 1008 3188 omnia
1027 3139 1192 3191 restruendae

187 3211 398 3280 dominationis]
428 3211 479 3265 cfr.
501 3212 585 3266 Catil.
604 3215 634 3270 6.
653 3211 748 3284 ibique
771 3213 863 3266 Kritz.
882 3213 942 3284 lug.
962 3216 1008 3273 88.
1027 3241 1065 3256 -ι
1090 3223 1190 3266 aestu-

187 3295 244 3338 met
261 3285 287 3360 )(
305 3293 459 3341 existimet.

244 3363 274 3428 §.1
289 3365 314 3419 5.
335 3364 405 3416 Utra
427 3362 573 3416 distinctio
593 3375 730 3435 praestat:
750 3361 827 3414 nulla
845 3369 912 3413 suut
930 3359 984 3412 hae
1002 3369 1190 3434 tempestate:

187 3437 386 3489 serviundum:
397 3465 432 3482 -
446 3439 524 3490 nulla
533 3447 619 3490 stent:
632 3437 685 3489 tao
695 3445 859 3508 tempestate
868 3435 1085 3490 serviundum?
1105 3441 1190 3493 Pseu·

188 3507 276 3566 dosal.
297 3511 332 3563 arl
351 3513 428 3567 Caes.
448 3519 482 3581 2,
502 3519 531 3572 9.
551 3518 662 3581 virtus,
683 3515 859 3583 vigilantia,
880 3512 959 3563 labos
971 3513 1048 3584 apud
1065 3514 1191 3568 Graecos

187 3586 267 3638 nulla
285 3595 359 3639 arant.
379 3617 415 3629 -
434 3589 493 3641 Cir.
511 3594 541 3642 in
561 3588 641 3645 Verr.
660 3593 694 3655 5,
727 3591 774 3650 47.
793 3588 881 3640 Estne
900 3587 1007 3659 aliquid
1023 3589 1115 3658 ultra,
1137 3611 1191 3662 quo

184 3661 1190 3795 titiitltili‘ltitttti?tillitus.titiis:fit:

187 3813 311 3882 gitandi.
334 3843 365 3855 -
386 3813 504 3864 servilia
521 3816 679 3868 alimento?

232 3871 268 3956 'u
288 3893 315 3945 6.
334 3888 411 3940 Socii
429 3896 458 3940 et
475 3888 588 3943 Latium
607 3887 747 3963 quomodo
766 3891 895 3942 usitatius
914 3887 1041 3944 dieitur?
1065 3892 1191 3945 Tertiam

163 3967 324 4017 rationem
347 3963 532 4018 Salustinnam
563 3982 662 4038 quaere
690 3966 749 4036 lug.
775 3965 821 4021 115.
850 3963 958 4030 (Liuius
990 3969 1042 4034 st,
1074 3968 1133 4032 55.)
1151 3993 1190 4008 ·-

189 4038 338 4106 Quomodo
358 4038 520 4114 corrigenda
538 4041 648 4112 vulgata
667 4040 753 4094 lectio
773 4037 915 4093 Sestianae
934 4043 959 4107 §-
980 4045 1026 4099 50.
1045 4039 1190 4094 sociiLa-

189 4117 310 4166 tinit-
323 4117 378 4169 Cur
386 4114 569 4170 reficiendum
585 4117 704 4169 aliorum
714 4114 860 4168 mercede?
867 4114 1050 4167 -lrumuuas
1059 4113 1190 4166 hostias?
1302 4122 1306 4132 '
1358 4129 1362 4137 ·

188 4215 228 4231 -
244 4191 522 4336 spctvereptuiuriam:
554 4192 681 4248 Greeoet
712 4191 824 4248 —Cur
843 4192 947 4252 Watte
966 4189 1086 4246 malebat
1105 4209 1191 4245 tutam

188 4294 209 4308 ··
228 4295 247 4308 -
289 4283 351 4319 nem
