2848 4928
1095 454 1135 516 43

140 599 171 651 iu
188 579 312 666 captivos
332 591 473 665 egelredus
492 595 594 666 raptis,
612 607 697 662 quum
716 591 816 665 poculo
836 609 903 666 opus
922 607 1009 661 esset,
1033 594 1136 648 buma-

139 685 239 722 ncrum
268 673 391 741 capitum
421 666 543 736 ossibus,
575 674 697 722 cruentis
717 668 906 741 capillatisque
926 668 1015 722 adhuc
1035 685 1066 722 ac
1085 689 1135 744 per

138 749 283 797 interiores
303 757 434 796 cavernas
452 743 522 796 male
542 741 642 796 effosso
661 743 774 796 cerebro
794 743 901 808 oblitis,
925 743 1001 797 avide
1023 760 1056 797 ac
1074 751 1135 800 siue

137 819 254 872 horrore
273 831 413 889 tamquam
433 825 503 871 veris
530 819 637 890 poculis
656 819 818 880 utebantur;
838 835 951 890 quarum
970 823 1136 878 cruentissi-

136 899 177 947 mi
196 908 279 964 atque
296 899 491 960 immanissimi
512 892 650 946 Scordisci
669 893 774 968 erautt)
801 895 849 946 bas
869 900 977 965 itaque,
1009 912 1039 950 ut
1059 895 1135 964 dixi,

137 967 396 1040 Claudius'pellere
426 967 609 1022 Macedoniae
636 968 735 1023 linibus
756 974 899 1022 attentavit
920 975 1079 1041 magnisque
1105 990 1135 1025 se

135 1047 276 1098 malorum
303 1043 424 1097 molibus
449 1043 567 1106 obiecit;
599 1043 672 1098 unde
691 1061 775 1120 quum
801 1050 894 1098 animo
916 1059 995 1116 aeger
1014 1061 1042 1099 et
1061 1052 1135 1100 curis

135 1123 370 1191 circumsaeptum,
400 1117 497 1172 morbo
517 1124 628 1191 iusuper
645 1135 788 1193 correptus
808 1126 892 1185 esset,
923 1125 1038 1175 interiit.
1070 1123 1135 1174 Hu-

135 1199 181 1248 ius
202 1211 346 1247 successor
372 1194 404 1249 C.
431 1193 593 1248 Scribonius
620 1195 705 1248 Curio
733 1196 844 1261 (consul
864 1211 888 1248 a.
908 1214 935 1248 u.
956 1213 981 1252 c.
1000 1199 1065 1256 678.
1085 1214 1140 1249 se-·

134 1283 237 1342 quente
256 1267 342 1342 anuo)
361 1271 558 1322 attentatarum
578 1275 717 1342 superiore
733 1269 810 1323 bello
829 1275 952 1344 gentium
972 1275 1028 1322 vim
1048 1269 1136 1324 decli-

133 1361 221 1410 nans,
240 1348 269 1396 in
289 1343 456 1398 Dardaniam
476 1360 551 1397 arma
571 1351 705 1398 convertit
726 1361 840 1418 eamque
860 1346 1025 1416 superavit.'’
1057 1347 1136 1401 Oro-

134 1425 191 1473 sius
212 1423 245 1484 5,
264 1425 309 1478 25.
346 1420 447 1472 ltaliae
477 1425 628 1472 marituma
654 1420 755 1474 inlecta
783 1436 860 1474 erant
886 1421 1005 1474 Cilicum
1025 1426 1134 1496 pirata..

133 1511 199 1548 rum
219 1491 435 1562 incursionibus.

191 1570 216 1636 5.
236 1571 263 1627 4.
282 1574 407 1621 insertio
426 1574 564 1642 corporis]
596 1570 738 1623 Facillima
758 1585 784 1624 et
803 1569 860 1624 loci
879 1574 1032 1624 sententiae
1051 1587 1135 1642 quam

132 1649 255 1699 maxime
283 1659 346 1716 apta
375 1646 533 1698 emendatio
553 1647 623 1698 mihi
644 1651 701 1698 visa
719 1661 762 1699 est
783 1663 833 1718 pro
853 1649 966 1714 ingenio
985 1652 1133 1718 corporis,

134 1718 210 1792 quod
230 1719 360 1791 explicari
379 1725 488 1790 nequit,
507 1724 559 1773 etsi
579 1721 676 1772 Carrio
696 1719 840 1773 defendere
854 1736 969 1773 conatus
979 1735 1041 1784 est,
1062 1721 1136 1772 alla-

135 1811 163 1848 ta
184 1795 396 1866 interpolatione
409 1796 521 1866 Latina,
543 1811 610 1866 quae
629 1813 679 1870 pro
699 1796 814 1850 Graecis
834 1793 976 1848 Plutarchi
993 1795 1084 1848 uerbis
1104 1801 1136 1849 in

135 1868 224 1924 Codd.
242 1869 382 1922 nonnullis
402 1869 465 1925 Auli
487 1869 569 1924 Gellii
590 1872 624 1924 N.
643 1874 676 1924 d.
692 1876 719 1936 1,
741 1879 768 1928 1.
788 1871 996 1924 inculcata'est:
1014 1871 1135 1925 Plutar-

135 1945 204 2004 chus
221 1950 251 1996 in
270 1945 358 2011 libro,
387 1963 466 2016 quem
484 1945 518 1996 de
546 1947 681 2012 Hercule,
701 1947 777 2018 quali
801 1951 875 1996 inter
899 1945 1024 1998 homines
1035 1943 1135 2015 fuerit

131 2019 224 2070 'animi
251 2026 428 2092 corporisque
459 2025 572 2088 ingenio
596 2031 679 2091 etqrte
702 2021 857 2074 uirtutibus
881 2027 940 2072 eius
958 2017 1135 2093 conseripsit,

135 2097 248 2148 Peiores
272 2101 358 2149 etiam
384 2111 447 2148 sunt
475 2111 580 2148 ceterae
612 2097 800 2170 corruptelae:
832 2101 955 2166 ingenuo
974 2103 1087 2170 corpori
1106 2111 1135 2153 et

137 2169 302 2228 Cortianum
321 2175 436 2241 ingenui
454 2176 590 2227 cerneris.
613 2171 667 2229 Oe.
910 2163 914 2173 “

549 2377 730 2394 ,-,..-....

353 2577 395 2638 IN
414 2575 649 2640 EPISTOLAM
668 2579 732 2640 CN.
753 2581 916 2638 POMPEI.

190 2771 223 2824 A.
245 2767 271 2821 U
289 2768 320 2822 C.
340 2771 404 2827 680.
425 2773 454 2822 in
474 2772 606 2842 Hispania
625 2768 727 2822 bellum
747 2784 777 2822 ut
796 2773 905 2822 minore
923 2783 1067 2837 successu,
1092 2773 1132 2823 ita

136 2847 259 2896 atrocius
279 2859 396 2916 gestum.
434 2845 588 2911 Sertorius,
610 2863 694 2915 quum
714 2849 918 2898 exercitatiores
939 2845 1059 2897 hostium
1079 2863 1133 2898 co-

135 2925 198 2992 piae
218 2937 269 2971 usu
289 2936 316 2971 et
336 2919 481 2992 disciplina
501 2926 530 2974 in
556 2925 668 2973 stataria
697 2935 787 2993 pugna
807 2920 895 2974 molto
916 2919 975 2990 plus
995 2920 1139 2988 valerent„

135 2993 239 3047 bellum
260 2993 404 3046 defendere
425 3011 508 3065 quam
527 2993 629 3048 inferre
648 2999 734 3048 satius
755 2994 861 3048 babuit.
905 2996 1001 3066 Itaque
1021 2995 1134 3048 castella

136 3087 219 3142 opere
239 3083 268 3122 et
285 3085 383 3122 natura
405 3077 510 3124 munita
530 3087 684 3142 occupare,
706 3086 754 3142 per
773 3074 887 3124 insidias
901 3071 993 3123 hostes
1008 3073 1135 3122 circum-

136 3151 238 3210 venire,
258 3145 358 3198 subitis
373 3145 577 3199 incursionibus
591 3145 706 3217 fatigare
721 3162 801 3216 atque
816 3164 931 3206 ter-rere;
945 3161 997 3215 qua
1011 3145 1135 3198 hostium

136 3223 190 3272 iter
215 3235 287 3286 erat,
321 3226 414 3272 omnia
442 3239 564 3287 vastare,
594 3227 687 3294 ipsum
712 3236 788 3272 mare
815 3221 969 3273 latrociniis
990 3217 1131 3276 infestare.

136 3295 194 3348 eni·
218 3299 257 3346 rei
288 3311 418 3367 perquam
446 3313 632 3368 opportunum
662 3311 720 3348 erat
739 3294 1006 3368 Dianium,.(bodie
1026 3293 1134 3368 Derria)

134 3367 210 3420 haud
230 3371 326 3441 procul
345 3386 361 3421 a
382 3373 503 3424 Sucrone
524 3370 646 3444 (Xucar)
674 3371 788 3422 flumine
816 3376 844 3423 in
865 3385 912 3423 cra
933 3375 1073 3422 maritima
1093 3375 1135 3422 si-

136 3458 212 3503 tum;
234 3443 307 3514 quod
328 3461 409 3516 eaput
429 3448 494 3500 belli
516 3451 651 3499 maritimi
671 3461 738 3498 erat.
777 3447 825 3497 His
848 3445 953 3498 artibus
972 3463 1029 3497 non
1049 3445 1134 3498 modo

135 3523 244 3571 animos
265 3520 384 3571 militum
404 3523 596 3585 confirmavit,
616 3520 765 3573 sedetiam
787 3521 911 3574 hostibus
932 3535 1064 3574 terrorem
1085 3527 1134 3573 in-

136 3599 204 3646 iecit
238 3609 317 3664 atque
344 3600 419 3646 omni
440 3615 595 3650 commeatu
624 3594 825 3667 intercipiendo
852 3612 957 3648 tantam
982 3594 1048 3648 lecit
1068 3601 1135 3648 ino·

134 3674 227 3740 piam,
260 3685 289 3720 ut
319 3670 353 3721 ab
379 3671 523 3726 obsidione
555 3672 709 3742 Calagurris
742 3670 841 3736 (bodie
874 3671 1132 3741 Calahorra)'op-

135 3747 194 3814 pidi
220 3742 341 3814 depulsi,
373 3745 491 3800 diversas
521 3753 645 3820 regiones
680 3761 819 3820 peterent,
849 3747 979 3800 Metellus
1014 3747 1132 3798 ulterio-
1215 3740 1217 3748 ’

136 3837 194 3872 rem
220 3821 399 3890 Hispaniam,
426 3825 571 3894 Pompeius
601 3821 730 3876 Galliam.
780 3823 924 3896 Pompeius
949 3827 1047 3894 igitur,
1075 3825 1132 3870 iam

136 3907 216 3948 antea
238 3894 352 3947 Sertorii
373 3901 473 3950 virtute
493 3897 656 3951 aPallantia
676 3897 833 3969 (Polemio)
854 3895 1012 3970 occupanda
1032 3895 1132 3965 prohi-

136 3965 209 4022 bitus
232 3985 258 4022 et
277 3988 384 4023 summa
413 3979 452 4026 rei
478 3971 674 4026 frumentariae
701 3976 794 4042 inopia
816 3990 921 4045 pressus
942 3975 1063 4023 minaces
1084 3971 1132 4021 has

136 4043 171 4094 ad
191 4060 315 4098 senatum
341 4052 419 4101 misit
447 4049 551 4102 literas.
592 4049 625 4100 ln
645 4063 771 4100 sermone
792 4053 961 4121 arrogantiae
982 4045 1064 4118 pleno
1083 4041 1132 4094 fa-

137 4119 190 4170 cile
211 4136 342 4190 agnoscas
363 4123 446 4176 fallax
465 4123 587 4176 hominis
607 4127 764 4194 ingenium,
783 4127 829 4193 qui
849 4122 975 4178 simulata
994 4136 1132 4172 verecun-

136 4191 182 4262 dia
202 4197 272 4248 male
292 4203 415 4251 innatam
436 4203 521 4251 animi
542 4198 700 4271 superbiam
719 4197 842 4270 tegebat,
863 4214 943 4269 quern
958 4194 1068 4266 quidem
1083 4195 1131 4246 Sa-

136 4263 235 4325 lustius
255 4272 324 4328 bene
344 4279 403 4328 oris
421 4275 556 4346 improbi,
583 4278 676 4328 animo
694 4273 880 4328 inverecundo
899 4271 1015 4327 dixerat·
1044 4271 1131 4326 Genu.
