2848 4928
1092 408 1132 474 tt

134 554 202 601 iure
216 546 449 620 prohiberentur,
477 552 524 611 et,
551 543 625 616 quod
642 545 864 615 indignissimum
883 553 942 610 est,
970 555 1134 600 senatorum

127 622 198 695 filii
216 631 345 675 etonem
364 622 471 676 ordinis
487 624 659 673 sustinerent
677 628 706 674 et
723 624 787 672 iura
803 619 979 691 perderent.”
1003 622 1044 676 Ex
1055 622 1134 678 Gatt-

134 716 255 755 tuturo.

197 775 224 841 §.
241 775 268 832 1.
282 767 372 848 ’μασι
391 771 472 842 illos]
507 769 604 836 “Haeo
629 767 763 822 librorum
781 769 884 836 lectio,
914 785 996 842 qnam
1014 767 1135 825 editores

135 865 324 920 corruperunt
343 864 370 903 et
388 847 467 898 iilum
485 842 681 910 emendarunt,
712 849 801 898 nescii
825 844 961 898 nobilium
980 860 1089 900 cautam
1107 861 1136 900 et

135 922 234 990 Sullae
253 923 471 979 dominationem
491 923 602 992 saepius
620 934 635 970 a
655 919 760 990 Lepido
780 935 863 974 unam
882 918 1048 991 eandemque
1067 921 1136 990 diei,

135 1014 169 1052 et
189 1016 251 1052 vere
275 999 357 1054 init.”
377 999 519 1054 Gunttcu.
539 1021 576 1036 -
595 993 755 1046 retinendae
774 993 984 1062 dominationis]
1011 992 1068 1048 Cir.
1087 1000 1143 1048 in-'

133 1077 239 1146 primis
258 1073 429 1130 Boetticheri
454 1071 523 1124 Len.
543 1069 638 1123 Tacit.
658 1088 685 1142 p.
705 1074 781 1138 217„
802 1071 927 1137 collatis,
946 1085 1014 1142 quae
1033 1067 1066 1122 do
1086 1067 1137 1122 da-

136 1153 194 1202 tivi
220 1149 295 1204 hand
319 1145 449 1202 dissimili
475 1163 526 1200 uso
552 1142 637 1219 (Aoo.
658 1151 691 1209 2,
724 1147 768 1202 16.
788 1144 933 1213 augendae
952 1145 1137 1196 dominationi

133 1231 269 1354 negare,
287 1226 360 1278 Hitt.
380 1229 415 1292 5,
435 1226 481 1278 20.
500 1225 594 1288 oetero
616 1219 811 1290 expugnandis
828 1220 950 1289 urbibus)
973 1217 1095 1293 disputat
1108 1239 1136 1292 p·
1204 1269 1206 1276 ,

137 1304 156 1354 1
200 1299 281 1354 .Ot.

196 1375 220 1440 §.
240 1379 266 1433 5.
286 1393 320 1426 ne
341 1373 460 1424 servilio
486 1370 594 1441 quidem
618 1370 762 1437 alimenta]
777 1356 887 1442 ''quioos
906 1368 986 1424 farsit
1006 1388 1055 1424 teo
1073 1367 1137 1424 fru—
1207 1395 1212 1404 ·

132 1452 228 1502 menti
256 1448 363 1502 modios
392 1451 422 1502 io
447 1446 571 1519 singulos
600 1462 707 1500 menses
728 1444 859 1514 intellige.
897 1444 1000 1499 Seneca
1020 1446 1070 1516 Ep.
1091 1453 1160 1505 tto.⁵

132 1541 240 1578 servus
258 1533 321 1584 ειη·
345 1527 463 1594 quinque
482 1521 588 1573 modios
605 1526 716 1591 accipit.
766 1520 839 1574 losra
869 1525 898 1572 in
917 1519 996 1573 Orat.
1014 1520 1138 1573 Licinii:

133 1602 231 1670 quinis
261 1599 363 1651 modiis
389 1597 547 1648 libertatem
571 1602 693 1647 omniurn
718 1603 918 1648 aestumavere.
956 1593 1081 1648 Donatus
1102 1591 1140 1649 ad

135 1675 267 1728 Terentii
293 1675 407 1727 Phorm.
428 1680 461 1740 1,
481 1679 517 1737 1,
538 1673 566 1730 9.
616 1670 700 1722 Servi
718 1678 869 1740 quaternos
887 1669 995 1722 modios
1014 1674 1139 1737 accipie.

133 1749 210 1800 bant
221 1745 366 1817 frumenti
384 1752 415 1800 in
426 1763 546 1798 mensem
564 1751 593 1796 et
611 1744 644 1797 id
660 1744 812 1798 dimensum
832 1743 880 1810 (al.
899 1745 1068 1816 demensum)
1089 1742 1138 1794 dt.

137 1822 267 1878 rebatur.
316 1825 549 1886 Hannonem,
576 1817 650 1892 quod
675 1816 851 1872 emendarent
871 1824 1052 1890 interpretem
1079 1817 1139 1871 fieri

135 1903 216 1952 enim
225 1902 343 1971 notuit,
375 1911 406 1951 ut
426 1896 481 1950 alio
502 1911 625 1970 temporo
651 1893 706 1948 alie
723 1891 853 1950 frumenti
871 1910 998 1950 mentera
1017 1895 1139 1950 daretur.

136 1973 285 2029 Gnouton.

196 2049 221 2113 ᾗ.
241 2051 268 2108 6.
287 2049 431 2100 Sociorum
450 2049 514 2114 cet]
535 2046 676 2120 Appianas
695 2047 729 2100 Β.
748 2046 779 2098 C·
799 2050 835 2111 1,
852 2048 899 2106 96.
920 2042 1014 2120 πολλὴ
1032 2041 1063 2104 δὲ
1083 2035 1140 2102 ttoeb

137 2127 203 2178 τῶν
230 2124 410 2180 Ἰταλιωτῶν
436 2121 591 2198 ἀναίρεσίς
617 2140 649 2177 τε
677 2117 732 2176 καὶ
759 2118 891 2188 ἐξέλασις
921 2117 976 2180 καὶ
994 2120 1138 2199 δήμευσις

137 2195 196 2270 ἦν,
228 2191 295 2254 ὅσοι
322 2217 353 2252 τι
371 2198 541 2273 Κάρβωνος
568 2217 589 2267 η
608 2197 782 2272 Νωρβανοὶ]
801 2192 822 2267 ἢ
840 2194 964 2271 Μαρίου
983 2230 1000 2240 -
1020 2229 1036 2240 -
1057 2191 1138 2266 ὑπή,

137 2290 268 2330 κουσαν.
292 2300 330 2315 --
361 2267 480 2339 ἐκόλαζε
507 2270 524 2326 ὁ
552 2267 669 2333 Σύλλας
693 2264 748 2325 καὶ
773 2270 829 2332 τὰς
852 2267 965 2336 πόλεις,
991 2270 1053 2326 τῶν
1078 2270 1137 2345 μὲν

137 2343 320 2422 ἀκροπόλεις
347 2341 574 2402 κατασκάπτων
592 2341 613 2417 ἢ
632 2341 714 2418 τείχη
733 2346 898 2418 καθαιρῶν
916 2339 938 2417 ἢ
957 2338 1062 2408 κοινὰς
1073 2343 1137 2414 ,ζη-

136 2418 213 2493 μίας
239 2416 383 2484 ἐπιτιθεὶς
401 2417 421 2494 ἢ
439 2415 594 2495 είςφοραῖς
613 2415 766 2494 ἐκτρύχων
784 2417 986 2496 βαρυτάταις·
1018 2415 1087 2483 ταῖς
1105 2413 1138 2474 δὲ

136 2493 255 2552 πλείοσι
282 2491 353 2560 τοὺς
379 2490 478 2569 ἑαυτῷ
506 2491 791 2570 στρατευσαμένους
819 2494 958 2562 ἐπῴκιζεν
983 2494 1028 2557 ὡς
1062 2489 1138 2563 ἕξων

137 2567 277 2644 φρούρια
295 2571 378 2628 κατὰ
404 2571 457 2642 τῆς
472 2565 617 2630 Ἰταλίας·
636 2565 692 2638 τήν
711 2585 743 2622 τε
761 2570 818 2642 γῆν
836 2565 938 2623 αὐτῶν
956 2564 1011 2624 καὶ
1029 2564 1069 2623 τὰ
1088 2573 1137 2622 οἰ-

138 2651 267 2718 κήματα
292 2642 322 2706 ἐς
343 2638 443 2704 τοὺςδε
462 2638 645 2716 putaminum
664 2635 834 2714 διεμέριζεν.
861 2669 899 2687 -
919 2639 1055 2696 humanae
1082 2638 1137 2690 Ιιο.

137 2721 223 2788 stiae]
245 2719 384 2782 “Pertinet
405 2717 458 2767 hoe
478 2712 513 2765 ad
533 2715 652 2768 Marium
666 2713 877 2781 Gratidianum,
895 2732 975 2785 quem
996 2714 1029 2766 ad
1043 2715 1138 2768 Catuli

137 2795 317 2864 sepulchrum
336 2805 522 2864 pertractum,
549 2789 654 2843 effossis
674 2788 782 2856 oculis,
810 2790 935 2848 manibus
955 2789 1136 2862 cruribusque

137 2871 297 2922 minutatim
318 2865 435 2920 desectis
455 2867 497 2918 vel
517 2869 600 2920 etiam
619 2863 730 2927 fractis,
751 2881 888 2918 servatam
908 2864 1085 2936 aliquamdiu.
1105 2881 1136 2920 nt

138 2961 188 3016 per
208 2941 313 3014 singula
334 2940 457 2994 membra
478 2954 646 3004 moreretur,
677 2938 797 2992 Catilina
817 2940 851 2992 ad
871 2957 1023 2994 extremum
1045 2937 1136 2994 truci*
1178 2975 1183 2984 .

137 3018 224 3071 davit.
264 3017 347 3073 Catil.
375 3020 402 3074 5.
422 3015 482 3068 vti.
502 3015 578 3070 Max.
597 3015 690 3082 9‚2‚
711 3019 737 3070 1.
769 3015 1136 3080 innumeremus.

138 3093 255 3149 Orosius
276 3097 310 3159 5,
338 3091 401 3147 21.”
428 3092 571 3144 Gutttcu.
591 3118 627 3130 -
656 3089 746 3160 Leges
765 3089 878 3158 iudicia]
899 3091 959 3162 Ing.
979 3094 1025 3150 51.
1044 3107 1136 3158 regna

134 3172 308 3238 provintiae,
326 3167 403 3237 leges
420 3171 484 3216 iura
501 3164 613 3230 iudicia,
633 3164 705 3215 bella
724 3173 806 3236 atque
821 3181 915 3237 paces,
929 3173 1072 3236 postremo
1084 3164 1136 3218 dt.

137 3247 208 3310 urina
227 3251 255 3294 ot
275 3241 394 3294 bumana
414 3246 506 3292 omnia
522 3258 608 3309 penes
624 3257 728 3309 potatos
747 3249 838 3292 erant.

195 3318 218 3382 ᾗ.
240 3321 266 3372 7.
286 3317 401 3369 Vettius
420 3316 528 3382 Picens]
550 3313 788 3381 strumentus,
809 3314 855 3372 ille
876 3313 982 3368 videtur
1001 3315 1130 3384 Vettius,

137 3407 154 3442 a
175 3407 228 3460 quo
249 3392 359 3458 villam,
391 3407 458 3462 qnae
485 3389 576 3444 Catuli
596 3385 695 3452 fuerat,
715 3392 783 3442 emit
804 3389 902 3442 Cicero
923 3388 1022 3463 (Attio.
1044 3392 1132 3458 1,5,

137 3471 166 3521 2.
186 3481 213 3518 et
232 3468 264 3530 6,
285 3471 318 3531 1,
338 3467 397 3536 15.)
436 3467 478 3520 An
498 3465 572 3518 idem
592 3467 645 3530 sit,
672 3480 753 3534 quem
773 3482 822 3535 pro
842 3463 936 3518 Caelio
955 3468 1001 3523 50.
1020 3480 1134 3538 stupra..

138 3555 229 3594 torem
256 3538 369 3592 Clodiae
393 3538 477 3602 dicit,
506 3537 579 3593 haud
605 3556 715 3610 prorsus
743 3555 851 3592 eertum
874 3553 925 3594 eat.
974 3539 1016 3593 De
1042 3539 1134 3594 toriha

137 3615 269 3668 Cornelio
288 3613 339 3668 cir.
359 3615 419 3670 Cic.
439 3611 521 3670 Offic.
548 3622 581 3680 2,
600 3621 636 3678 8,
655 3617 699 3670 29.
737 3613 797 3672 Nec
817 3631 886 3668 vero
906 3631 1024 3683 unquam
1042 3615 1133 3666 betto·-

138 3709 199 3742 rum
226 3691 350 3742 civilium
378 3707 470 3742 senten
499 3697 528 3741 et
553 3707 638 3743 carisa
662 3689 769 3755 deerit,
798 3687 863 3746 dum
888 3685 1012 3744 homines
1027 3689 1133 3759 perditi

136 3765 251 3818 hastam
269 3765 346 3816 iilam
365 3772 510 3818 cruentam
528 3772 555 3816 et
574 3768 748 3822 meminerint
766 3771 794 3814 et
806 3763 978 3833 sperabunt,·
996 3781 1077 3833 quam
1096 3771 1129 3817 P.

136 3841 216 3898 Sulla
243 3858 325 3910 qtutm
350 3839 490 3892 vibrasset
517 3837 658 3892 dictatore
679 3842 834 3908 propinquo
860 3857 929 3907 suo,
960 3837 1031 3891 idem
1049 3843 1133 3887 sexto

137 3921 280 3974 tricesimo
303 3933 377 3968 anno
400 3921 466 3983 post
484 3932 502 3964 a
521 3914 698 3966 sceleratiore
717 3912 801 3969 basta
819 3931 874 3970 non
894 3917 1008 3966 recessit
1015 3931 1025 3970 ,·
1056 3912 1132 3963 aiter

137 3999 240 4056 nutem,
259 3994 305 4061 qui
323 3995 353 4042 in
371 3989 422 4042 ilio
440 3988 586 4048 dictatura
604 3985 698 4046 sariba
709 3985 826 4060 fuerat,
846 3993 876 4042 tn
893 3987 946 4040 bae
956 3984 1024 4056 fnit
1042 4004 1133 4055 quae-
1159 4055 1172 4062 -

136 4072 201 4118 sior
218 4065 350 4122 urbanus.

192 4140 217 4205 §.
236 4147 262 4199 8.
281 4159 363 4210 qreom
378 4146 488 4212 raptum
501 4141 565 4206 eet]
585 4137 719 4210 Corrupto
733 4135 802 4191 haee
821 4155 854 4191 eo
872 4131 1056 4192 difficiliorem
1075 4133 1132 4186 ha·-

137 4207 204 4270 hent
216 4215 443 4310 explicationem,
458 4210 532 4288 qood
545 4211 666 4291 plerique
686 4217 849 4288 interpreter
869 4225 950 4284 quun
968 4227 1019 4286 pro
1039 4214 1133 4286 msti-
