2848 4928
333 1181 578 1262 ORATIO
611 1178 656 1256 L.
691 1177 1006 1254 PHILIPPI

645 1371 684 1417 stt

517 1483 820 1585 ssunrm

575 1689 760 1704 m

230 1819 383 1883 Maxume
399 1819 532 1895 vellem,
556 1819 674 1882 Patres
698 1813 889 1900 conscripti«,
919 1835 987 1878 rem
1008 1801 1202 1897 publicaml

168 1922 305 2005 quietam
327 1943 396 1986 esse
422 1933 476 1985 aut
499 1921 530 1984 in
552 1919 701 2002 periculis
725 1941 743 1982 a
764 1917 1014 2002 promptissumo
1038 1931 1169 2001 quoque
1198 1983 1201 1990 ,

167 2025 310 2103 defendi,
345 2024 480 2110 denique
508 2044 609 2105 prava
641 2022 767 2104 incepta
795 2021 1032 2085 consultoribus
1064 2041 1169 2084 noxae

168 2147 251 2190 esse.
295 2129 358 2191 Sed
380 2141 492 2192 contra
511 2125 719 2190 seditionibus
748 2125 852 2189 omnia
870 2126 999 2189 turbata
1024 2135 1112 2201 sunt,
1136 2135 1170 2186 et

142 2231 208 2296 sab
229 2230 285 2306 iis,
320 2251 400 2314 quos
432 2229 605 2312 prohibere
634 2227 735 2312 magis
768 2229 911 2290 decebat.
973 2229 1166 2302 Postremo,

167 2354 247 2418 quae
272 2332 412 2414 pessumi
433 2344 464 2394 et
496 2329 681 2394 stultissumi
718 2331 911 2407 decrevere,
950 2351 987 2392 ea
1014 2330 1107 2394 bonis
1138 2343 1170 2406 et

165 2435 361 2518 sapientibus
388 2435 533 2498 faciunda
555 2445 640 2498 sunt.
698 2435 779 2496 Nam
797 2434 920 2497 bellurn
943 2444 1037 2518 atque
1060 2454 1167 2512 arma,
1244 2518 1246 2526 y

166 2560 353 2622 quamquam
370 2538 463 2601 vobis
484 2537 605 2615 invisa,
628 2549 752 2614 tamen,
777 2537 851 2618 quia
872 2534 1002 2618 Lepido
1026 2531 1167 2618 placent,

167 2643 315 2703 sumenda
339 2651 422 2703 sunt.
466 2639 536 2702 Nisi
557 2639 644 2702 forte
664 2639 714 2702 coi
735 2660 845 2720 pacem
865 2650 1030 2720 praestare
1050 2650 1083 2700 et
1100 2639 1168 2700 bel·

124 2743 231 2814 tolum
260 2741 329 2824 pati
359 2741 527 2806 consilium
560 2751 621 2804 est.
675 2741 744 2804 Pro
768 2740 798 2802 di
820 2741 911 2817 boni,
936 2742 991 2827 qui
1012 2736 1203 2816 bancor-2

168 2849 258 2921 bem,
284 2843 399 2909 omissa
415 2866 511 2920 eura,
535 2845 636 2906 adhuc
650 2843 777 2930 regitis!
801 2843 853 2907 M.
870 2844 1041 2920 Aemilius,
1067 2845 1169 2907 omni·
1201 2873 1203 2878 ’

165 2971 218 3012 um
244 2948 479 3032 flagitiosorum
505 2958 704 3028 postremus,
743 2945 798 3030 qui
828 2945 921 3028 peior
952 2967 992 3009 an
1018 2946 1186 3030 ignavior-

165 3051 206 3114 sit
225 3051 392 3116 deliberari
407 3071 469 3114 noo
489 3060 620 3131 potest,
644 3047 816 3114 exercitum
830 3039 1056 3130 opprimundae
1072 3049 1169 3112 liber·

166 3154 236 3215 tatis
252 3155 348 3217 babet
369 3166 400 3216 et
421 3175 454 3216 se
474 3174 491 3215 e
512 3163 697 3234 contempto
715 3154 914 3214 metuendum
942 3151 1069 3215 effecit:
1108 3175 1168 3218 vos

126 3267 342 3334 stmussantes
363 3267 395 3321 et
411 3266 638 3334 retractantes,
663 3253 771 3320 verbis
795 3265 827 3317 et
849 3248 956 3320 vitum
978 3254 1168 3320 carminibus

205 3425 246 3476 10.
265 3430 305 3475 iiii

221 3579 246 3644 §.
267 3584 292 3634 1.
312 3577 363 3628 sed
379 3583 491 3648 contra]
515 3576 571 3634 Cis.
592 3580 651 3653 Ing.
666 3581 711 3641 85.
730 3579 782 3632 sed
794 3577 863 3632 milti
876 3588 977 3631 contra
992 3599 1026 3632 ea
1041 3581 1166 3634 videtur.

166 3652 213 3706 Sic
223 3655 309 3706 etlam
323 3653 417 3706 Turio.
431 3653 509 3708 Eine.
523 3655 578 3710 stit
590 3661 796 3710 veroomittunt
814 3675 857 3710 ea.
874 3683 911 3696 -
929 3657 1089 3722 consultor,
1111 3675 1167 3706 ass-

164 3729 245 3780 ctor?
264 3757 301 3770 -
322 3729 435 3794 “Credo
456 3729 606 3784 Salustium
627 3737 785 3804 scripsisse:
805 3739 833 3782 et
845 3747 913 3799 quos
925 3729 1073 3803 prohibere
1093 3730 1165 3784 cet.”

165 3805 251 3857 Coar.
264 3808 303 3870 (.)
325 3835 356 3846 -
375 3823 472 3874 pacem
488 3807 660 3877 praestare?
683 3837 714 3848 -

220 3882 243 3946 ᾗ.
264 3885 293 3934 2.
313 3885 416 3932 omissa
437 3885 516 3947 cura]
537 3881 649 3954 Triplex
669 3895 756 3934 exstat
770 3883 798 3935 h.
813 3881 833 3936 l.
850 3887 1058 3954 interpretatio:
1080 3895 1167 3950 quse-

164 3969 228 4008 nam
249 3959 388 4026 praestat?
408 3955 437 4028 1)
458 3955 538 4022 «dii,
558 3962 605 4027 qni
627 3957 701 4010 hane
718 3955 830 4024 urbem,
850 3964 902 4012 etsi
919 3963 1020 4012 omissa
1038 3961 1166 4030 (remissa

165 4027 348 4100 aliquantum)
369 4036 587 4103 pristinarum,
609 4031 697 4084 adhuc
718 4049 810 4087 tamen
830 4033 1025 4108 (aliquatenus)
1042 4031 1164 4102 regitis.''

165 4104 363 4176 2)«d11‚qui
390 4107 479 4159 adhue
502 4105 674 4178 negligentes
700 4115 764 4162 estis
798 4113 827 4162 in
854 4108 972 4180 regenda
995 4108 1046 4160 laec
1069 4105 1164 4160 urbe.''

165 4181 196 4242 5)
217 4217 232 4242 u
243 4180 298 4243 dii,
327 4185 389 4252 qui,
421 4187 473 4234 etsi
494 4187 597 4234 omissa
620 4179 653 4232 ab
673 4182 832 4238 hominibus
853 4201 916 4237 cura
937 4183 989 4252 (vel
1010 4188 1064 4247 “in
1089 4197 1164 4236 tants

165 4255 270 4306 civium
289 4255 434 4328 intutia”)
455 4255 526 4312 bane
549 4255 646 4312 urbem
666 4257 888 4334 sobrengien,
909 4256 1032 4314 nondum
1051 4274 1164 4332 prorsus
