2848 4928
1078 432 1118 496 ut

117 591 227 638 caussa
246 567 384 638 bellandi
397 553 446 636 es't
471 563 589 654 cupido
618 561 776 655 profunda
796 561 920 656 imperii
941 582 973 637 et
990 563 1139 638 'divitia-¹
1161 617 1164 622 -

20 667 22 682 '
115 699 207 755 rum,
245 698 308 762 qua
324 675 429 759 primo
451 697 521 740 cum
542 694 622 760 rege
638 676 854 740 Macedonum
876 675 1033 760 Philippo
1051 677 1121 740 hel·

116 781 182 844 lum
203 801 380 863 sumpsere.
423 778 509 842 Dum
522 778 868 864 aKarthaginicnsibns
883 781 1119 862 premehantur,

116 882 284 948 amicitiam
312 882 494 946 simulantes
515 881 544 946 ci
565 882 801 946 subvenientem
823 881 1019 946 Antiochum
1041 903 1122 947 con-

90 985 262 1050 eccssione
292 985 391 1050 Asiae
420 1005 479 1068 pcr
511 985 617 1050 dolum
641 997 810 1062 avorterc;
848 1007 886 1049 ac
909 1007 988 1050 mox
1014 986 1134 1068 fracto*

117 1088 272 1172 Philippo
298 1087 478 1152 Antiochus
499 1087 585 1152 omni
614 1088 660 1152 cis
682 1091 825 1152 Taurum
856 1111 937 1174 agro
961 1100 993 1151 et
1011 1091 1119 1152 decem

116 1192 240 1268 milibus
255 1191 444 1256 talentorum
460 1191 615 1272 spoliatus
632 1203 693 1255 est.
739 1193 862 1256 Persen
883 1193 1018 1268 deinde,
1041 1185 1154 1266 Phi-3

115 1295 196 1378 lippi
216 1295 333 1372 iillum,
364 1305 440 1377 post
466 1295 561 1358 multe
586 1305 619 1357 et
651 1292 736 1358 varia
760 1296 930 1359 certamina
956 1297 1040 1378 apud
1061 1296 1119 1360 Se-

113 1400 294 1462 mothracas
317 1399 393 1463 deos
415 1408 578 1479 acceptum
600 1397 632 1460 in
663 1397 756 1460 fidem
781 1397 886 1461 callidi
916 1410 948 1464 et
971 1409 1120 1481 reperto·

69 1509 102 1558 ¹⁰
112 1523 167 1565 res
198 1501 368 1583 perfidiae,
406 1500 480 1586 quia
512 1511 608 1583 pacto
640 1499 736 1564 vitam
759 1503 928 1578 dederant,
957 1501 1119 1567 insomniis

113 1604 277 1669 occidere.
321 1605 515 1680 Eumenem,
540 1602 628 1665 cuius
650 1602 814 1666 amicitiam
844 1605 986 1688 gloriose
1010 1618 1121 1670 osten·

111 1718 197 1782 tant,
221 1705 311 1769 initio
323 1705 492 1788 prodidere
507 1705 692 1782 Antiocho,
715 1705 803 1788 pacis
820 1711 1016 1782 mercedem
1030 1721 1117 1792 post,

111 1809 255 1873 habitum
278 1807 439 1873 custodiae
465 1807 535 1892 agri
564 1807 700 1890 captivi,
739 1811 916 1891 sumptibus
944 1823 976 1873 et
1004 1823 1119 1877 contu·

112 1912 212 1976 meliis
236 1933 277 1976 ex
302 1912 621 2000 rege-miserrumum
645 1932 813 1976 servorum
843 1913 999 1990 effecere,
1022 1913 1119 1978 simu·
1183 1901 1187 1910 ¹

69 2017 242 2100 ¹⁵latoque
271 2014 360 2097 inpio
389 2025 596 2089 testamento,
643 2011 741 2077 lilium
771 2013 838 2087 eius
871 2013 1116 2094 Aristonicum,

112 2119 187 2203 quia
215 2119 352 2201 patrium
380 2139 515 2202 regnum
544 2113 722 2199 petiverat,
758 2117 896 2182 hostium
933 2141 1022 2184 more
1058 2143 1118 2203 per
1204 2180 1206 2186 .

110 2221 306 2302 triumphum
329 2223 466 2293 duxerc;
490 2218 568 2281 Asia
592 2221 631 2281 ab
652 2219 730 2300 ipsis
754 2221 882 2283 obsessa
899 2232 964 2296 cst3
988 2235 1118 2304 postre-

111 2345 167 2387 mo
191 2322 393 2403 Bithyniam,
424 2321 600 2388 Nicomede
623 2332 772 2399 mortuo,
808 2321 988 2405 diripuere,
1018 2347 1115 2410 quum

109 2426 196 2490 lilius
219 2428 329 2506 Nysa,
353 2446 447 2512 qnam
461 2425 605 2510 reginam
622 2425 857 2507 appellaverat,
883 2427 1010 2510 genitus
1033 2429 1117 2492 haud

67 2544 100 2592 20
112 2530 209 2592 dubie
235 2539 331 2608 esset.
391 2531 473 2592 Nam
496 2527 571 2610 quid
593 2549 656 2612 ego
679 2549 727 2590 me
750 2529 930 2609 appellem?
953 2552 1045 2613 quem
1068 2531 1151 2622 dall

110 2631 253 2695 iunctum
266 2629 403 2714 undique
417 2629 527 2713 regnis
543 2641 575 2692 et
590 2629 771 2692 tetrarchiis
786 2631 825 2690 ab
840 2629 973 2712 imperio
989 2652 1112 2710 eorum,

111 2733 189 2818 qntia
210 2733 293 2796 fama
327 2743 397 2796 erat
426 2731 555 2796 divitem
586 2752 688 2815 neque
715 2731 908 2794 serviturum
937 2753 1022 2810 csse,
1056 2756 1116 2819 per

110 2836 320 2902 Nicomedem
343 2834 431 2899 hello
453 2833 700 2911 lacessiverunt,
734 2833 864 2897 sceleris
893 2856 1003 2900 eorum
1031 2839 1116 2904 haud

109 2939 256 3025 ignarum
289 2949 322 3002 et
350 2959 408 3014 ea,
445 2958 526 3022 quiae
547 2936 709 3013 accidere,
748 2947 895 3000 testatum
918 2951 1016 3016 antea,
1032 2940 1116 3006 Cre-

67 3042 225 3134 25tensis,
257 3043 345 3106 solos
368 3040 508 3105 omnium
529 3040 648 3104 liberos
671 3061 708 3103 ea
721 3051 924 3123 tempestate,
950 3054 981 3105 ct
1002 3064 1114 3127 regem

110 3146 347 3211 Ptolemaeum.
404 3145 514 3228 Atque
544 3165 608 3228 ego
637 3144 722 3208 ultus
749 3143 878 3213 iniurias
908 3144 1114 3210 Nicomedem

146 3307 174 3355 2.
193 3310 296 3366 primum
314 3307 338 3356 5.
349 3315 426 3354 tracto
446 3305 488 3354 13.
507 3313 561 3363 post
577 3308 683 3352 Attalum
700 3308 823 3352 custodem
840 3307 893 3366 agri
930 3305 972 3353 18.
991 3315 1113 3365 postremo

199 3384 274 3423 totam
301 3380 438 3434 Bithyniam
485 3375 528 3424 tt.
565 3377 631 3422 ana
644 3409 651 3432 ,
688 3389 759 3436 quam
794 3378 904 3436 reginam
938 3379 1115 3435 adpellant-ant

201 3447 245 3494 21.
265 3449 408 3494 disiunctum
835 3445 839 3454 ’

167 3589 193 3657 §.
212 3592 240 3648 5.
266 3585 464 3639 Samothraces
494 3585 574 3639 Dei?
605 3614 636 3627 -
663 3593 749 3658 paeto
768 3591 860 3638 vitam
876 3583 1034 3640 dederant:
1053 3589 1113 3643 Liv.

110 3661 166 3731 45,
186 3667 212 3721 5.
233 3692 269 3706 -
289 3661 345 3714 eur
367 3678 479 3734 prorsus
507 3659 574 3716 lelna
594 3661 789 3736 interpolatio:
806 3671 875 3733 post
892 3663 1039 3732 Attalum,
1059 3683 1113 3716 cu-

110 3739 219 3792 stodem
236 3741 303 3808 agri
319 3738 449 3808 captivi?

168 3817 195 3884 §.
214 3812 241 3870 ll.
272 3819 301 3864 ei
328 3830 378 3880 ea,
409 3830 478 3884 qnae
507 3811 648 3877 accidere,
678 3817 815 3864 testatum
846 3822 932 3866 antea
959 3813 1111 3879 Cretensis]

111 3887 224 3944 lucerne
235 3894 265 3942 in
275 3889 318 3942 hia
328 3903 402 3941 tanta
413 3885 575 3952 difficultas,
597 3903 729 3962 quantam
739 3892 768 3940 tn
779 3889 813 3942 its
824 3895 957 3962 reperisse
971 3887 1023 3940 sthi
1037 3889 1113 3938 visus¹

112 3981 155 4018 est
177 3965 305 4018 Cottius?
326 3965 406 4031 ,Qui
420 3979 531 4028 sensus,
550 3969 651 4034 inquit,
673 3962 737 4016 inde
756 3979 847 4036 posset
867 3969 943 4029 erui,
963 3977 1043 4014 nemo
1063 3959 1111 4012 di-

113 4043 164 4092 xit.
201 4041 292 4109 Quare
312 4043 335 4091 si
357 4055 407 4110 ego
428 4039 538 4090 silentio
559 4042 715 4104 involvam,
735 4056 792 4090 nnn
806 4044 859 4092 erit
879 4043 976 4093 virium
990 4036 1110 4090 meum.’'

113 4114 257 4180 Quaenam
286 4117 506 4168 constructiones
535 4113 757 4186 comparandae?
776 4143 813 4156 —
835 4124 1110 4184 postremrmservo-

113 4207 176 4241 rum
187 4190 200 4240 t
213 4219 248 4234 -
267 4189 425 4242 abstinuit?
443 4217 478 4232 -
494 4187 641 4257 Quomodo
655 4189 815 4264 explicanda
827 4190 892 4242 illa:
908 4191 1002 4259 pretio
1011 4192 1042 4241 in
1052 4185 1112 4239 dies

114 4263 211 4318 bellum
226 4265 401 4337 prolatam?
421 4263 471 4320 cfr.
492 4263 574 4320 Catil.
593 4265 639 4330 45.
659 4265 718 4320 dies
731 4264 911 4339 prolatando.
