2848 4928
1104 481 1144 542 51

150 622 286 684 crimine,
317 620 340 669 ei
361 614 569 682 admitteretur,
600 621 793 670 incommune
819 617 863 670 lex
887 617 942 672 lata
962 633 1019 683 eat,
1047 637 1081 670 ne
1101 622 1148 673 cui
1203 642 1206 648 ·

149 700 208 767 regi
228 695 343 744 Romam
363 697 454 745 venire
473 691 598 744 liceret.’'
618 721 654 733 -
674 697 852 759 testamento]
872 693 933 747 scil.
953 693 1038 748 Attali
1059 698 1146 760 tertii,

148 770 281 822 Eumenis
303 766 351 818 hlii
370 767 506 840 legitimi3
521 764 618 838 filium
637 769 705 834 eires]
727 767 857 824 Eumenis
877 768 1093 835 nathanaeli,
1113 787 1147 820 ex

149 843 249 916 pellice
268 842 387 914 Ephesia
406 848 540 914 genitum.
580 839 1045 910 elr.omntn01usrtaum56,t.
1076 843 1147 896 Vel-

149 917 198 970 lei.
216 924 249 983 2,
269 920 295 974 ll.
316 923 353 984 (a.
374 936 400 971 u.
421 935 446 972 c.
465 917 651 982 621-624.):
692 921 910 983 “Aristonicum
939 923 1003 989 qui,
1035 935 1146 972 mortuo

148 1011 212 1065 rege
232 991 341 1059 Attalo,
373 1009 387 1043 a
414 1010 470 1063 quo
498 993 563 1044 Asia
590 993 692 1065 populo
718 994 842 1046 Romano
868 993 1020 1046 hereditate
1050 993 1147 1050 relicta

149 1084 223 1132 crat,
251 1073 324 1120 sieut
344 1065 439 1121 relicta
460 1082 557 1138 postea·
574 1084 616 1121 est
636 1083 651 1118 a
669 1067 819 1121 Nicomede
838 1069 988 1140 Bithynia,
1015 1075 1146 1123 mentitus

148 1148 239 1215 regiae
260 1147 353 1214 stirpis
374 1147 530 1214 originem,
560 1147 644 1194 armis
665 1158 726 1193 eam
745 1158 936 1215 occupaverat.
975 1145 1003 1196 Is
1022 1148 1147 1217 yictusa

148 1219 191 1274 M.
212 1220 348 1290 Perperna
367 1215 517 1288 ductusque
538 1221 567 1268 in
587 1217 745 1289 triumpho,
766 1217 813 1271 sed
832 1219 885 1271 Μ’.
905 1219 1035 1288 Aquilio,
1057 1223 1148 1292 capite

147 1309 250 1366 poenas
264 1291 367 1348 dedit.”
382 1321 418 1334 —
438 1294 563 1362 Plerique
576 1296 736 1365 scriptores,
746 1298 829 1347 etiam
844 1293 1030 1360 Schlosserus,
1043 1309 1147 1365 septem

146 1370 289 1421 dumtaxat
310 1382 462 1438 agnoscunt
483 1366 630 1439 Bithyniae
649 1384 741 1439 reges,
771 1369 906 1440 Zipoetea
926 1367 1000 1434 (iude
1020 1369 1054 1420 ab
1075 1385 1148 1423 anno

146 1457 176 1496 u.
199 1461 223 1495 c.
253 1445 334 1507 2166.)
372 1440 556 1495 Nicomedem
585 1443 607 1497 1.
646 1443 756 1508 Zelam,
786 1447 908 1497 Prusiam
932 1445 956 1498 1.
994 1442 1147 1510 Claudum,
1191 1485 1198 1498 ,.

147 1520 273 1571 Prusiam
292 1519 331 1572 ll.
372 1519 553 1584 venatorem,
574 1515 753 1570 Nicomedem
774 1518 810 1572 ll.
847 1517 1036 1590 Epiphanem,
1056 1521 1148 1572 Nico-

147 1591 257 1644 medem
286 1592 339 1644 lll.
377 1591 594 1661 Philopatorem,
618 1608 760 1645 mortuum
794 1611 818 1645 a.
847 1611 874 1646 u.
905 1609 929 1644 c.
954 1594 1039 1656 679.‚
1065 1609 1147 1665 post-

148 1683 231 1738 quam
261 1681 426 1720 testamento
446 1666 593 1739 Bithyniae
619 1665 748 1719 heredem
768 1673 915 1739 scripserat
934 1667 1066 1739 populum
1086 1671 1147 1720 Ro-

149 1759 275 1796 manum.
294 1742 327 1794 In
335 1735 524 1812 hac,inquam
534 1759 640 1808 ‚rerum
649 1745 821 1814 expositione
829 1747 987 1814 conspirant
996 1759 1089 1794 omnes
1097 1759 1148 1794 an-

148 1821 236 1888 tiqui,
266 1821 320 1869 nisi
341 1815 413 1888 quod
434 1815 488 1870 duo
504 1815 640 1890 Syncelli,
660 1821 758 1870 tertius
773 1821 890 1889 Appiani
905 1817 983 1870 locus
997 1821 1022 1870 ei
1034 1835 1146 1888 prorsus

148 1892 285 1947 adversari
316 1893 453 1946 videntur.
491 1891 542 1944 Ille
570 1890 678 1946 scilicet
708 1911 736 1964 p·
761 1896 825 1950 276.
851 1893 882 1946 C.
902 1892 980 1965 (525.
1005 1890 1146 1958 Dindori.)

130 1973 182 2024 .οὶ
199 1955 345 2026 Βιθυνῶν
362 1964 498 2046 βασιλεῖς
520 1963 553 2056 71¹
582 1968 665 2023 κατὰ
693 1967 853 2025 Διονύσιον
881 1962 972 2026 ’ἐνθεν
995 1966 1130 2042 ἤρξαντο
1137 2009 1147 2035 ,

145 2038 359 2118 διαρκέυαννες
386 2041 440 2111 ἔτι)
465 2061 538 2117 σι).
571 2056 599 2094 et
624 2060 654 2113 p.
680 2045 745 2100 ati.
764 2042 799 2095 Ι).
820 2045 908 2110 (595.)
930 2041 1061 2094 similiter
1081 2057 1147 2095 octo

145 2117 291 2188 Bithyniae
312 2135 402 2188 reges,
424 2131 538 2184 quorum
559 2131 652 2170 tamen
670 2121 783 2168 nomina
803 2135 859 2169 uon
879 2115 983 2178 refert,
1002 2131 1146 2170 memorat.

147 2191 247 2244 Rectus
274 2205 314 2245 est
340 2191 410 2264 apud
436 2208 498 2242 eum
525 2207 655 2243 numerus
684 2197 748 2250 215.
778 2207 912 2244 annorum
934 2207 949 2242 a
971 2191 1086 2261 Zipoete
1106 2190 1144 2263 (a.

147 2283 174 2318 u.
194 2281 219 2318 c.
239 2267 317 2332 466.)
337 2265 369 2318 ad
384 2264 544 2318 Nicomedis
558 2267 608 2319 Ill.
629 2265 736 2321 obitum
759 2264 795 2340 (a.
814 2285 841 2319 ιι.
854 2283 878 2318 c.
891 2269 955 2323 679.
969 2264 1020 2318 cfr.
1039 2265 1145 2320 Eclthcl

145 2339 185 2394 D.
204 2341 243 2394 Ν.
265 2347 289 2394 2.
311 2360 338 2413 p.
358 2339 435 2411 597.)
487 2343 581 2394 Altero
601 2356 693 2394 autem
713 2341 776 2394 loco
797 2361 823 2411 p.
844 2341 909 2400 514.
930 2357 1032 2411 magno
1052 2357 1144 2393 errore

147 2420 297 2469 commisso
318 2417 368 2468 suh
388 2421 510 2493 Augusto
529 2415 638 2468 demum
660 2416 760 2470 desisse
779 2417 927 2488 Bithyniae
947 2432 1063 2488 regnum
1083 2431 1145 2468 tra-

146 2487 196 2543 dit.
240 2492 381 2562 Appianus
411 2506 502 2542 autem
531 2488 659 2545 Mithrid.
698 2500 723 2550 7.
761 2490 841 2548 οὕτω
873 2487 1051 2567 Νικομήδης
1080 2488 1144 2564 (11.)

146 2559 217 2620 ἀντὶ
242 2565 396 2640 Προυσίου
423 2563 487 2636 (ΙΙ.)
506 2568 650 2624 Βιθυνῶν
668 2565 832 2644 ἐβασίλευε.
869 2562 934 2620 Καὶ
953 2561 1048 2621 αὑτὸν
1063 2567 1145 2640 χρό-

146 2657 189 2708 νῳ
208 2637 447 2710 τελευτήσαντα,
479 2637 674 2713 Νικομήδης,
700 2635 812 2711 hvide,
833 2634 856 2708 ᾧ
878 2637 1056 2726 Ἰιιλοποιταρ
1076 2637 1144 2695 ἐπί-

146 2711 251 2780 κλησις
269 2710 325 2784 ἦν,
353 2709 517 2780 διεδέξατο,
538 2711 696 2788 Ῥωμαίων
723 2715 807 2782 αὐτῷ
825 2713 884 2800 τὴν
900 2713 1060 2841 ἀρχηνῖως
1079 2733 1143 2769 πα·-
1168 2755 1169 2760 ,

145 2784 249 2860 cotylae
267 2785 508 2862 ψηφισαμένων.
551 2782 593 2842 'lii
609 2787 666 2864 μὲν
684 2785 741 2844 οὖν
761 2789 903 2844 Βιθυνων
917 2787 972 2844 ωδε
993 2804 1004 2841 a
1014 2806 1059 2861 χε.
1079 2781 1143 2854 καὶ,

96 2919 101 2927 ,
145 2863 175 2919 εἴ
198 2881 239 2930 τῳ
260 2857 375 2934 σπουδὴ
394 2864 495 2918 πάντα
513 2859 708 2936 προμαθεῖν,
727 2859 835 2923 υἱωνὸς
853 2857 938 2918 τοῦδε
959 2854 1062 2938 ἕτερος
1081 2872 1143 2917 Νι-

145 2930 281 3011 κομήδης
307 2934 466 3011 Ῥωμαίοις
493 2937 548 3009 τὴν
576 2931 675 3009 ἀρχὴν
699 2935 731 2992 ἐν
750 2931 918 3005 διαθήκαις
943 2933 1074 2994 ἀπέλιπε·
1095 2933 1144 2988 ubi

103 3044 107 3054 .
146 3011 437 3081 Schweighaeuscrue,
464 3028 519 3080 quo
538 3028 659 3062 errorem
680 3009 803 3077 tolleret,
823 3009 870 3061 sed
889 3025 986 3082 parum
1006 3007 1143 3076 feliciter,

145 3102 176 3150 ut
197 3087 341 3138 Viscoutio
367 3085 483 3138 etmihi
512 3103 620 3156 quoque
640 3085 765 3152 videtur,
799 3091 942 3156 proposuit
961 3081 1069 3147 υἱωνὸς
1088 3089 1144 3140 νοῦ

145 3159 300 3234 Προυσίου
319 3156 385 3226 dria,
403 3159 420 3217 ὁ
439 3155 575 3238 δεύτερος
593 3158 779 3237 Νικομήδης.
818 3159 899 3228 Quod
920 3175 1011 3213 autern
1026 3164 1144 3212 viscon-

147 3238 202 3287 tius
231 3231 298 3286 dicit
329 3235 397 3287 alios
424 3253 474 3307 pro
500 3233 607 3298 υἱωνός
626 3235 713 3306 legere
733 3232 814 3298 υἱός,
854 3250 983 3306 exparte
1004 3249 1136 3286 tantum-

146 3305 230 3360 modo
261 3327 355 3362 verum
384 3325 438 3370 est;
472 3315 495 3362 si
522 3308 631 3380 quidem
659 3314 755 3362 Petrus
783 3307 921 3360 Candidus
949 3308 1145 3376 Decembrius,

147 3386 266 3452 Appiani
286 3389 436 3454 interpres,
465 3385 548 3436 homo
575 3384 658 3436 seculi
686 3384 745 3442 XV.
766 3397 828 3436 ante
850 3389 988 3435 inventam
1010 3399 1145 3456 typogra-

70 3487 71 3492 =
146 3458 325 3530 phiarn,.per
344 3476 466 3523 merum,
487 3466 516 3511 ni
536 3459 627 3524 fallor,
651 3476 770 3510 errorem
790 3463 829 3510 ita
848 3463 1005 3511 convertit:
1026 3461 1145 3510 alterius

146 3541 237 3582 aretem
255 3533 416 3584 Nicomedis
435 3533 537 3606 filius,
570 3537 669 3589 Graeci
690 3549 782 3587 autem
803 3531 891 3586 Codd.
912 3549 1072 3593 constanter
1092 3553 1144 3587 cx·
1233 3573 1236 3576 -

145 3607 244 3662 hibent
263 3605 379 3670 υἱωνός.

123 3817 125 3824 y
202 3759 260 3808 lam
287 3774 352 3808 vero
380 3759 536 3808 coniunctis
565 3761 637 3810 inter
663 3775 692 3810 se
722 3756 841 3830 Syncelli
869 3771 896 3810 et
925 3755 1045 3830 Appiani
1071 3755 1143 3810 locis

145 3833 302 3884 Visecntius
333 3831 474 3897 (Iconogr.
505 3832 596 3884 Graan
620 3831 680 3886 Vol.
711 3838 738 3887 2.
765 3851 792 3904 p.
819 3835 895 3898 253.)
924 3831 1143 3885 demonstratum

146 3911 211 3970 ivit,
232 3905 316 3980 (quod
328 3906 466 3976 placuerat
478 3910 532 3957 iam
546 3910 710 3971 Beiueceio‚
737 3907 905 3978 Spanhemio
919 3922 946 3960 et
959 3905 1093 3957 Eckhelio
1103 3907 1143 3958 D.

146 3981 184 4032 Ν.
197 3989 222 4034 2.
233 4001 258 4052 p.
267 3985 344 4046 4²15.)
355 3979 534 4032 Nicomedem
545 4000 600 4034 non
613 3981 785 4045 tertium,sed
795 3999 918 4052 quartum
932 3978 1077 4049 quendam,
1086 3995 1143 4032 ter-

146 4060 179 4106 tii
188 4071 234 4110 aut
244 4057 329 4108 filiurn
344 4070 389 4107 aut
400 4072 538 4126 nepotem,
552 4057 695 4128 Bithyniae
708 4073 800 4126 regum
815 4057 1003 4128 legitimorum
1013 4054 1143 4109 ultimum

146 4127 229 4182 fuisse
244 4149 270 4183 et
284 4131 452 4182 celebratum
470 4129 740 4183 illudtestamentum
754 4138 910 4203 scriptitem
922 4145 1067 4199 propterea
1078 4145 1142 4182 octo

146 4221 221 4273 reges
230 4220 243 4256 a
252 4205 377 4276 syncello
388 4209 536 4272 numerari,
545 4205 616 4276 quod
625 4221 722 4257 auctor
730 4209 954 4275 eius,Dionyeius
963 4203 1142 4256 Halicarnas-

146 4283 249 4349 seuaia,
269 4277 446 4336 Nicomedem
466 4281 514 4338 lv·
534 4295 639 4354 septem
659 4279 768 4336 aliunde
787 4283 860 4336 notis
881 4277 1044 4334 adiunxerit.
1082 4282 1142 4334 lloc

1273 3536 1285 3563 Ι
