2848 4928
441 1185 810 1312 scaonis

126 1477 132 1484 ·
158 1444 212 1516 IN
234 1437 706 1520 ORATIONEM'LEPIDI
728 1443 864 1516 coNs'.
887 1441 951 1516 AD
973 1441 1016 1518 1³.
1037 1441 1083 1518 R.

117 1795 119 1800 .
181 1746 260 1799 Anni
284 1739 476 1800 DCLXXVI.
501 1762 529 1800 u.
554 1764 579 1800 ct
605 1746 732 1799 consides
759 1746 805 1800 M.
827 1745 964 1801 Aemilius
982 1745 1121 1822 Lepidus,

120 1815 160 1894 Q.
181 1821 313 1874 Lutatius
333 1822 457 1875 Catulus.

180 1898 241 1950 Hoc
266 1911 336 1949 anno
363 1894 440 1948 Sulla
469 1894 617 1961 (dictatori
642 1905 724 1966 quum
750 1911 823 1950 anno
849 1913 913 1952 ante
940 1912 970 1953 se
989 1895 1123 1960 ‚abdicas-

118 1970 178 2046 set)
199 1976 228 2024 in
247 1972 372 2025 Cumano
389 1969 509 2024 decessit
529 1973 670 2041 honosque
691 1975 715 2024 ei
736 1985 751 2022 a
770 1987 867 2026 senatu
886 1987 926 2028 est
946 1971 1073 2041 habitus,
1091 1990 1122 2029 ut

118 2051 152 2100 in
174 2049 278 2119 Campo
298 2047 402 2100 Martio
422 2045 593 2118 sepeliretur.
630 2044 702 2099 Tum
721 2047 763 2100 Μ.
776 2043 910 2102 Aemilius
923 2046 1042 2121 Lepidus
1056 2056 1123 2104 con·
1203 2089 1204 2104 i

119 2123 176 2188 inl,
197 2125 242 2191 qui
257 2125 310 2174 iat'n
330 2136 410 2174 antea
424 2121 532 2193 plebem
552 2121 586 2174 ad
606 2119 818 2192 recuperandam
837 2121 997 2176 libertatem
1016 2140 1121 2177 accen-

119 2197 209 2250 disset
230 2195 313 2264 (velut
333 2197 385 2248 bac
405 2201 464 2268 ipsa
484 2201 635 2260 concione,
654 2200 715 2248 vivo
734 2200 819 2248 etiam
840 2212 907 2250 tunc
921 2195 1009 2256 Sulla)
1030 2199 1121 2252 Sullae
1163 2247 1168 2254 .

117 2269 205 2326 funus
225 2270 325 2323 frustra
344 2269 498 2323 disturbare
517 2285 648 2334 conatus,
669 2285 731 2322 acta
751 2275 808 2323 eius
829 2271 983 2324 rescindere
1003 2277 1117 2346 paraviti

119 2349 208 2402 Cuius
230 2350 337 2399 conatis
364 2363 449 2416 quum
469 2345 538 2398 alter
557 2343 655 2398 consul
674 2345 788 2399 Catulus
808 2345 918 2400 obviam
943 2351 1013 2414 iret,
1042 2363 1121 2402 sena·

118 2439 166 2476 tus
188 2437 329 2485 metuens,
357 2439 392 2472 ne
420 2439 453 2474 cx
478 2418 577 2472 studiis
597 2419 724 2472 civilibus
744 2439 846 2475 novum
864 2421 965 2475 bellum
986 2428 1119 2492 oriretur,-

120 2497 249 2551 oonsules
270 2501 327 2548 iure
347 2497 464 2550 iurando
479 2495 643 2562 obstrinxit,
665 2500 746 2549 armis
767 2501 839 2549 inte'r
858 2515 887 2550 se
906 2515 962 2550 non
982 2514 1041 2576 epse
1061 2516 1121 2552 cera·

118 2588 239 2626 saturos.
287 2573 429 2623 Praeterea
456 2575 610 2641 provincias
639 2575 733 2624 sortiri
753 2585 780 2623 et
808 2568 926 2624 decretis
953 2573 1119 2626 exercitibus

118 2651 283 2700 maturrime
296 2643 434 2714 proficisci
446 2649 541 2708 iussit;
562 2641 661 2698 Catulo
672 2641 892 2716 italia,·Lspido
905 2645 996 2702 Gallia
1011 2647 1119 2702 Trina-

118 2722 215 2795 alpina
236 2719 357 2772 obvenit.

179 2797 234 2863 Qui
255 2810 337 2864 quum
357 2797 386 2844 in
405 2793 515 2845 Etruria
535 2789 712 2858 subsisteret,
739 2798 910 2868 proscriptos
930 2801 1071 2850 revocaret
1091 2811 1118 2851 et

117 2870 222 2924 bellum
242 2868 322 2922 civile
341 2883 478 2933 moveret,
498 2884 512 2919 a
532 2883 628 2923 senatu
645 2865 678 2920 ad
697 2873 812 2922 comitia
825 2871 979 2924 consularia
992 2871 1118 2926 habenda

94 2943 261 3000 ¹revocatus
290 2959 353 2996 cum
383 2946 504 2997 exercitu
533 2944 649 2996 Romam
679 2943 832 3018 contendit.
878 2946 966 3018 Igitur
986 2961 1002 2997 a
1019 2947 1117 3000 Catulo

116 3023 163 3074 lex
183 3020 290 3074 Plautia
320 3017 353 3072 tle
378 3017 508 3072 virelista
538 3033 564 3070 et
585 3017 670 3072 multa
690 3025 809 3073 severius
828 3027 934 3075 sancita
953 3036 1028 3078 sunt.
1067 3022 1118 3074 st-

117 3095 179 3150 mul
200 3092 352 3148 Ianiculum
377 3110 404 3146 et
433 3111 501 3163 pons
528 3092 649 3146 Mulvius
668 3095 813 3166 praesidiis
842 3111 991 3168 occupatus
1018 3105 1046 3150 ct
1065 3116 1117 3148 ex-

13 3233 14 3238 *
118 3175 241 3236 sarcitur,
263 3169 362 3221 Catulo
385 3184 412 3222 st
432 3170 565 3241 Pompeio
585 3166 714 3237 ducibus,
734 3170 810 3223 hosti
831 3168 939 3225 obviam
956 3170 1053 3226 ductus
1066 3186 1117 3227 est.

13 3269 14 3278 ¹
117 3244 144 3300 A
164 3245 261 3314 quibus
282 3249 372 3316 primo
393 3248 488 3296 statim
507 3248 612 3316 impetu
632 3259 705 3296 retro
731 3243 824 3316 pulsus
844 3243 961 3312 Lepidus
979 3250 1009 3297 in
1028 3245 1117 3299 Etru-

117 3325 189 3372 riam
210 3323 331 3372 recessit.
383 3316 437 3375 Sed
456 3335 539 3390 quum
561 3317 651 3372 Gellia
671 3318 810 3392 Cisalpina
831 3333 846 3370 a
866 3319 909 3376 Μ.
930 3321 1035 3386 Brutos
1056 3327 1114 3375 eius

13 3435 14 3448 2
117 3393 228 3463 legato,
247 3391 389 3465 praesidiis
410 3409 565 3460 teneretur,
585 3395 732 3464 Pompeius
752 3411 816 3448 curn
835 3399 957 3448 exercitu
969 3412 1002 3448 so
1014 3401 1114 3450 missus

118 3469 255 3539 reliquam
275 3473 446 3540 provinciam
465 3467 543 3521 facili
561 3473 673 3541 negotio
687 3474 795 3540 pacavit
815 3485 842 3522 et
855 3463 996 3524 Mutinam
1008 3471 1115 3539 urbem,

118 3562 174 3615 quo
194 3543 315 3596 hostium
340 3543 394 3595 dux
420 3541 595 3616 confugerat,
627 3538 769 3597 obsidione
799 3544 907 3598 clausits
946 3549 1024 3616 Quae
1049 3547 1115 3600 dum

118 3633 265 3692 gerentoni
286 3615 402 3692 Lepidus
422 3622 452 3671 in
470 3619 580 3674 Etruria
598 3631 685 3673 novos
705 3618 827 3674 delectus
846 3617 943 3674 habuit
964 3637 991 3676 et
1010 3615 1114 3676 bellum

118 3705 148 3746 ie
170 3695 265 3746 aravit.

150 3713 254 3819 pAnni
280 3762 485 3821 DCLXXVII.
505 3779 532 3822 u.
552 3775 576 3822 c.
596 3769 720 3820 consules
737 3769 778 3823 D.
797 3769 892 3822 ῙιιιιίιωΙ
909 3771 1017 3826 Bruius
1036 3775 1113 3825 Mo·¹

118 3861 240 3908 mersus,
258 3841 303 3896 M.
323 3842 460 3894 Aemilius
478 3842 597 3913 Lepidus
615 3843 761 3899 Liuianus.

174 3921 267 3987 Quum
288 3927 329 3970 tes
350 3931 462 3990 propter
481 3917 632 3972 discordias
653 3919 746 3972 civiles
768 3917 802 3972 ad
821 3926 1009 3996 interregnum
1026 3911 1113 3973 tedis-

119 4005 171 4056 set,
191 3991 317 4046 consules
337 3997 423 4045 serius
443 3998 528 4046 creati
548 4009 621 4046 sunt.
659 3987 793 4064 Lepidus,
813 4015 863 4070 pro
884 3987 1011 4063 consule,
1030 4012 1111 4047 exer-

120 4068 179 4118 citu
197 4077 337 4140 reparato,
357 4073 457 4121 iterum
482 4067 543 4120 urbi
563 4068 665 4122 bellurn
684 4067 783 4124 inieris
802 4077 935 4144 paratus
951 4069 998 4123 nbi
1017 4079 1110 4142 graves

120 4147 311 4196 contentiones
331 4149 403 4197 inter
423 4139 573 4196 factionem
591 4143 728 4200 nobilium
747 4161 775 4202 et
793 4147 951 4222 populares,
972 4149 1019 4222 qui
1038 4143 1111 4201 dico-⁴

118 4213 240 4287 bantur,
259 4218 385 4274 homiues
403 4233 568 4276 exarserant.
