2848 4928
284 415 329 512 'u

278 562 395 670 'pacem
418 589 534 670 optatis
559 587 657 671 magis
681 607 773 671 quam
796 587 979 665 defenditis,
1004 607 1104 672 neque
1125 587 1286 673 intellegi·
1416 577 1417 662 l

284 692 323 755 tis
346 689 477 754 mollitia
514 695 713 756 decretorum
742 691 834 776 vobis
861 691 1066 778 dignitatem,
1100 691 1150 754 illi·
1168 704 1285 756 metum

285 796 419 861 detrahi.
464 796 573 877 Atque
594 793 626 854 id
647 793 733 868 iure;
758 793 904 877 quoniam
931 817 971 856 ex
994 795 1114 876 rapinis
1138 796 1286 857 consula-

282 908 367 973 tum,
403 899 445 960 ob
466 895 651 958 seditionem
673 896 870 978 provinciam
896 919 967 958 oum
988 897 1129 960 exercitu
1152 902 1286 980 adeptus

178 1075 182 1084 ¹
283 1013 345 1063 est.
401 999 485 1078 Quid
506 997 559 1060 ille
583 1000 624 1062 ob
647 1001 728 1061 bene
750 998 836 1084 lacta
858 999 1014 1082 cepisset,
1039 999 1128 1064 onius
1155 1002 1309 1076 sceleri-5

258 1106 342 1166 ‘bus
364 1113 450 1164 tanta
472 1101 610 1182 praemia
634 1099 813 1165 tribuistis?

248 1199 273 1278 3
346 1205 392 1268 At
414 1201 533 1266 scilieet
556 1225 630 1280 eos,
661 1205 716 1288 qui
738 1207 777 1266 ad
798 1216 995 1285 postremum
1017 1225 1118 1287 usque
1137 1206 1283 1290 legatos,

281 1328 411 1390 pacem,
438 1308 640 1372 concordiam
670 1318 701 1370 et
727 1307 786 1370 alia
811 1294 1027 1371 huiuscemodi
1050 1309 1281 1387 decreverunt,

283 1410 417 1493 gratiam
445 1411 483 1472 ab
516 1429 554 1472 eo
588 1409 764 1491 peperisse.
819 1411 923 1474 Immo
945 1409 1087 1493 despecti
1109 1423 1140 1474 et
1162 1411 1285 1496 indigni

282 1513 467 1595 republica
491 1511 590 1574 babiti
617 1513 755 1594 praedae
789 1513 877 1577 loco'
898 1525 1131 1588 aestumantur3
1165 1514 1329 1598 quippe10

283 1627 368 1678 suein
382 1637 491 1696 pacem
504 1627 706 1699 repetentes,
731 1616 949 1699 quohabitam
966 1615 1148 1678 amiserant.
1183 1619 1284 1701 Equi-

283 1721 353 1782 dem
373 1741 389 1781 a
411 1718 588 1801 principio,
627 1741 723 1802 quom
746 1719 908 1782 Etruriam
932 1721 1116 1795 coniurare,
1140 1720 1284 1800 proseri-

281 1834 356 1904 ptos
379 1822 517 1898 accersi,
553 1822 779 1904 largitionibus
799 1844 866 1885 rem
887 1823 1047 1904 publicam
1074 1822 1209 1884 lacerari
1234 1823 1284 1886 vi·

282 1927 412 1998 debaro,
436 1926 652 1985 maturandum
673 1925 840 2006 putabam,
877 1937 908 1986 et
928 1924 1035 1988 Catuli
1058 1923 1187 1988 consilia
1211 1947 1284 1988 cum

246 2025 389 2118 [lpaucis
411 2036 538 2088 secutus
561 2047 643 2088 sum.
689 2023 839 2088 Ceterum
865 2026 929 2103 illi,
968 2027 1021 2110 qui
1045 2026 1148 2111 gentis
1174 2027 1328 2099 Aemi-15

281 2129 340 2198 liae
360 2130 441 2195 bene
463 2129 547 2192 facta
574 2125 771 2192 extollebant
799 2139 831 2193 et
854 2128 1052 2214 ignoscendo
1078 2130 1191 2214 populi
1214 2131 1283 2194 Ro-

317 2319 341 2368 5.
361 2321 486 2383 benefacta
522 2319 546 2367 i.
566 2321 755 2376 disertmort,
775 2325 817 2380 qui
854 2319 895 2366 13.
914 2323 1029 2366 accersiri

280 2477 468 2533 deseruistis.”
488 2503 523 2520 ·-
543 2477 619 2530 Num
639 2481 686 2548 qni
704 2493 768 2530 cnm
782 2477 892 2530 Dureau
907 2475 939 2528 de
952 2475 1073 2529 [amalis
1086 2476 1181 2530 haberi
1193 2495 1285 2551 potest

280 2573 331 2628 pro
360 2553 511 2628 particula,
542 2557 562 2606 i.
593 2571 617 2606 e.
646 2553 800 2622 qiaomodo‘i
820 2579 857 2594 -
876 2551 1092 2622 flagitiosorum
1111 2560 1282 2623 postremus]

280 2629 356 2701 Quid
382 2631 463 2683 buius
490 2628 579 2682 simile
605 2645 692 2682 exstat
712 2633 742 2682 ln
761 2630 812 2700 Ep.
838 2626 1032 2682 Mithridatis?
1050 2657 1089 2671 -
1107 2628 1284 2681 deliberari?

279 2736 314 2750 -
335 2711 491 2758 exercitum
515 2703 713 2775 opprimundae
733 2703 893 2756 libertatis?
918 2733 956 2746 -
989 2745 1004 2770 α
1012 2721 1137 2754 mussare
1157 2701 1283 2772 dictum,

279 2781 353 2852 quod
373 2786 455 2836 muti,
471 2797 529 2832 non
550 2781 668 2852 amplius
688 2795 772 2852 quam
798 2781 842 2906 pir
862 2778 985 2833 dicunt.''
1024 2781 1110 2832 Varro
1131 2780 1186 2833 LL.
1209 2787 1236 2840 7.
1257 2801 1284 2853 p.

280 2862 344 2917 377·
364 2859 465 2926 Speng.
487 2883 523 2896 -
537 2899 539 2904 .
552 2857 612 2909 cie.
632 2855 744 2910 Tuscul.
765 2856 796 2906 Li
818 2894 826 2909 .
847 2864 879 2921 1,
912 2857 936 2922 ᾗ.
957 2857 1001 2912 76.
1021 2859 1082 2905 sive
1111 2857 1284 2908 retractabis

252 2961 256 2967 ·
279 2933 339 2982 sive
357 2928 533 3002 properabis.
571 2929 633 2982 Lib.
654 2935 686 2997 5,
706 2933 729 2996 0.
749 2931 795 2985 82.
814 2935 873 2980 sine
890 2934 1104 2984 retractatione.
1125 2960 1162 2972 -
1181 2933 1282 2984 Utrum

279 3005 374 3060 verbis
394 3002 561 3076 iungendum
583 3009 666 3056 etiam
688 3019 750 3056 cum
773 3023 796 3056 v.
824 2998 995 3074 depfenditis,
1030 3021 1064 3056 an
1089 3003 1280 3060 tantummodo

279 3099 343 3134 rum
363 3101 387 3135 v.
408 3079 538 3150 optatis?
569 3109 604 3122 -
633 3079 768 3149 mollitie]
791 3082 847 3150 lug.
869 3084 915 3140 85.
935 3098 1016 3150 quom
1037 3088 1096 3130 tute
1116 3099 1169 3152 per
1186 3081 1281 3134 molli-

280 3161 347 3208 tiem
366 3174 449 3227 agas.
488 3153 592 3207 Contra
612 3154 760 3212 casilssa.
774 3159 884 3206 'inertia
906 3163 935 3207 et
959 3156 1081 3210 mollitia
1102 3161 1189 3208 animi
1208 3157 1281 3208 alius

279 3233 365 3284 alium
387 3239 580 3304 exspectantes
599 3235 777 3284 crenctamiru'.

336 3307 360 3372 §.
379 3311 407 3367 5.
428 3309 535 3359 scilieet
554 3337 572 3348 -
591 3335 610 3348 -
626 3309 788 3377 peperisse?
820 3301 876 3359 cir.
901 3305 961 3378 Ing.
981 3306 1007 3364 li·
1028 3309 1092 3362 102.
1113 3321 1139 3358 et
1162 3310 1224 3365 113.
1249 3333 1280 3346 -

280 3381 356 3452 Quid
380 3381 533 3435 notandum
559 3385 635 3434 circa
657 3398 786 3434 numeros
808 3385 942 3434 oratorios
964 3385 994 3431 in
1013 3379 1102 3434 verbis
1123 3381 1158 3434 ab
1180 3399 1212 3431 eo
1228 3399 1284 3451 pe-

276 3463 402 3529 perisse,·
422 3459 445 3526 §.
467 3466 508 3516 10.
532 3455 646 3508 decreta
661 3461 795 3527 paratis,·
814 3457 865 3527 Ep.
886 3457 1011 3527 Pompeii
1032 3461 1062 3508 in
1081 3456 1149 3512 line:
1182 3465 1284 3506 trans-

279 3533 465 3604 gredientem
494 3534 574 3586 Orat.
593 3531 716 3603 Philippi
736 3532 759 3596 0.
780 3535 807 3588 9.
827 3536 916 3582 civem
931 3536 1079 3601 patiuntur
1090 3553 1100 3591 ,·
1121 3531 1284 3596 Orat.,Ma-

280 3613 322 3663 cri
342 3611 365 3676 §.
386 3611 412 3666 11.
438 3613 626 3678 pertimuere,·
657 3605 736 3660 Orat.
758 3604 857 3658 Cottae
877 3608 900 3672 §.
922 3612 949 3660 1.
970 3605 1135 3667 deseruere,·
1155 3605 1234 3660 Catil.
1256 3613 1284 3662 1.

281 3682 455 3739 oboedientia
474 3681 585 3754 fluxit,·
613 3679 680 3734 ibid.
699 3687 794 3733 virtus
815 3682 895 3733 clara
921 3690 1088 3754 aeternaque
1109 3681 1235 3733 habetur.
1256 3685 1284 3736 2.

281 3765 376 3814 omnia
400 3765 522 3829 parent,·
550 3755 618 3811 ibid.
645 3757 679 3808 de
706 3745 825 3827 utraqa'e
849 3757 969 3817 silatum·
1000 3765 1026 3818 5.
1047 3761 1137 3810 multa
1157 3756 1285 3808 advorsa

273 3838 363 3908 suere
370 3855 380 3895 ,·
406 3840 432 3892 5.
452 3851 559 3904 semper
578 3832 720 3902 cupiebam
755 3831 823 3885 ibid.
844 3850 913 3904 qaas
934 3850 1020 3904 supra
1043 3837 1196 3886 mernoraoi
1206 3852 1217 3893 ,·
1237 3836 1284 3888 20.

281 3917 375 3963 orinia
389 3915 607 3966 consenserunt,¹
627 3909 688 3980 lug.
709 3915 773 3966 110.
795 3907 870 3959 baud
883 3910 1006 3977 repulsas
1033 3909 1141 3959 abibis:
1162 3907 1225 3956 -1
1245 3936 1283 3949 -

280 3987 392 4056 indigni
415 4004 472 4055 rep.
497 3982 608 4034 babiti?
639 4011 675 4025 -
707 3989 813 4035 accersi
841 3989 946 4036 arcessi
964 3984 1116 4036 accersiri?
1148 3985 1283 4036 Priscian.

281 4071 333 4127 10,
363 4070 390 4123 8.
410 4081 436 4135 p.
458 4062 523 4117 501.
545 4055 642 4110 Krehl.
668 4076 799 4126 accerso,
829 4065 986 4120 accersivi‚·
1012 4056 1060 4112 sed
1093 4054 1161 4111 cod.
1187 4056 1283 4109 Turio.
1319 4067 1323 4082 ¹

281 4135 435 4210 perbonus:
456 4151 585 4199 arcesso,
605 4139 751 4187 arcessivi.

336 4213 359 4278 1.
380 4215 407 4269 b.
427 4216 541 4262 erexisse
561 4206 701 4280 quomodo
721 4213 750 4262 in
764 4225 856 4264 nostra
876 4210 996 4264 lectione
1013 4205 1226 4279 explicandum?
1245 4235 1282 4249 -

282 4287 357 4360 Quid
381 4292 560 4361 potissimum
587 4283 695 4357 obstat,
722 4303 777 4360 qno
808 4291 899 4341 minus
926 4285 1120 4338 cum-Fadmo
1140 4283 1281 4356 legamnse
