2848 4928
266 1287 515 1364 orario
548 1283 780 1363 aerini
817 1286 1168 1400 cousums·

683 1477 735 1523 AD

410 1625 680 1692 POPULUM
709 1625 1006 1695 ROMANUM.
1113 1657 1116 1662 ·

616 1821 803 1847 Μ.

206 1979 406 2098 Clementia
436 2042 468 2095 et
487 2025 635 2114 probitas
657 2041 787 2108 vestra,
820 1993 981 2112 Quirites,
1012 2031 1127 2115 quibus
1149 2019 1241 2116 peel

206 2149 327 2200 ceteras
349 2133 451 2220 gentis
468 2134 605 2198 maxumi
624 2146 656 2197 et
677 2133 755 2198 clari
777 2134 869 2210 estis,
892 2135 1072 2216 plurumum
1088 2137 1211 2224 timoris

206 2239 282 2301 mihi
295 2238 415 2302 faciunt
436 2240 606 2300 advorsum
623 2235 819 2318 tyrannidem
835 2239 879 2299 L.
896 2236 1021 2312 Sullae3
1046 2257 1103 2314 ne,
1128 2259 1210 2324 quae

154 2348 157 2352 ’
205 2341 265 2424 ipsi
294 2340 656 2416 nefa'nda'aestumatis,
687 2360 723 2402 ea
751 2361 862 2422 parum
891 2341 1051 2404 credendo
1078 2341 1117 2404 de
1140 2341 1209 2406 aliis

178 2442 494 2507 teireumveniamiui
515 2465 578 2507 -z
609 2442 797 2525 praesertim
824 2464 920 2527 quom
943 2443 989 2506 illi
1010 2465 1084 2527 spes
1106 2443 1209 2508 omnis

204 2548 237 2609 in
259 2548 380 2610 scelere
403 2558 499 2630 atque
520 2544 655 2628 perfidia
675 2545 833 2628 sitneque
856 2567 890 2610 se
912 2546 1004 2610 aliter
1026 2557 1127 2610 tutum
1149 2569 1210 2628 pu·
1273 2565 1279 2576 ·

204 2659 270 2724 tet,
295 2670 389 2732 quam
405 2648 431 2710 si
446 2647 537 2729 peior
553 2659 648 2730 atque
666 2647 983 2712 intestabilior-metu
1005 2660 1116 2712 vestro
1138 2648 1209 2714 lue-

203 2751 265 2828 rit,
301 2771 367 2834 quo
390 2748 524 2832 captivis
547 2747 703 2812 libertatis
725 2769 833 2812 curam
857 2748 981 2813 miseria
1003 2751 1122 2814 eximat
1145 2774 1207 2816 -ι

205 2865 259 2918 aut
283 2854 310 2918 si
338 2851 564 2937 provideritis,
594 2851 626 2916 in
649 2851 785 2916 tutandis
814 2851 961 2934 periculis
988 2854 1091 2940 magis
1114 2877 1209 2942 quam

238 3027 387 3074 coimus,
424 3029 496 3074 Vera.
526 3023 551 3072 3.
576 3029 692 3072 advorsus
739 3024 763 3071 4.
784 3039 813 3072 ne
831 3027 877 3082 ipsi
895 3027 996 3074 nefanda
1014 3041 1073 3085 quae
1110 3026 1135 3073 ⁵.
1155 3044 1210 3076 eum

289 3099 387 3158 (eieqroe
405 3096 527 3156 temper.)
564 3097 588 3144 ’1.
608 3111 679 3156 quam
690 3098 721 3150 in
739 3098 875 3170 uleisesudo

260 3243 462 3316 Quassrrorrm.
502 3247 529 3314 §.
550 3252 575 3304 i.
596 3247 707 3315 gentis]
728 3243 803 3314 Quid
814 3242 847 3297 de
860 3245 913 3298 lise
931 3241 1021 3297 forme
1036 3246 1210 3301 notandum?

204 3349 242 3364 -
259 3327 386 3373 maxumi
404 3329 432 3372 et
450 3321 535 3390 clari]
556 3318 612 3374 cfr.
631 3322 713 3374 Catil.
730 3325 775 3379 55.
795 3317 854 3393 lug.
873 3323 917 3378 ill.
937 3323 983 3376 92.
1005 3349 1042 3363 ·-
1062 3321 1209 3377 Undenam

205 3411 282 3450 ortae
299 3412 363 3450 eunt
383 3397 555 3470 corruptelae
569 3414 612 3450 vv.
631 3413 665 3448 ne
684 3415 754 3468 quas
775 3399 829 3467 ipsi
847 3397 926 3448 eet?
946 3395 1012 3448 sut
1035 3401 1065 3463 1)
1084 3415 1119 3448 ne
1136 3416 1207 3468 qrsae

204 3473 260 3542 ipsi
278 3469 408 3541 nefanda
434 3491 491 3525 non
515 3477 676 3524 aestimatis
701 3475 871 3528 Ascensiana
897 3475 978 3522 tertia
1001 3474 1082 3530 1513.
1122 3479 1153 3540 2)
1172 3491 1207 3524 ne

204 3551 260 3618 ipsi
277 3543 407 3615 affunde
425 3567 494 3619 qima
507 3553 674 3600 attrematis
688 3549 809 3602 Coetlut·
848 3543 879 3619 5)
898 3563 933 3598 Μ
946 3554 996 3598 ⁰1⁴2
1008 3545 1207 3618 ‘'pil'mfattda

203 3641 273 3693 quae
287 3627 454 3674 aestumatis
471 3625 624 3688 Gruterus,
645 3623 755 3680 Weise.
787 3625 817 3686 lt)
837 3621 937 3673 nedum
951 3631 1002 3673 aut
1010 3627 1064 3694 ipsi
1076 3621 1205 3692 affunde

203 3715 259 3750 aon
277 3701 438 3749 aestimatis
461 3702 590 3754 Brixiaua
615 3698 700 3758 1495.
742 3704 771 3762 5)
789 3705 893 3750 aeaut
911 3702 965 3768 ipsi
986 3695 1115 3766 nefanda
1134 3715 1204 3769 quae

203 3791 259 3825 raon
269 3777 451 3826 existumetis
461 3775 567 3828 Carrio.
582 3803 617 3818 -
637 3776 730 3844 ersom]
752 3774 863 3827 Thesis:
885 3813 900 3838 a
911 3775 983 3827 lleee
995 3779 1132 3847 scriptura
1146 3789 1204 3825 uon

203 3851 293 3902 solum
316 3852 346 3901 in
360 3847 499 3914 Sallustio,
520 3847 567 3902 sed
588 3855 673 3903 etiam
688 3855 716 3902 in
730 3851 864 3903 Cicerone
880 3847 982 3920 ubique
1004 3845 1202 3902 restituenda.”

202 3951 241 3970 ·-
259 3919 460 3991 intestabilior]
480 3923 650 3978 Foreellinos
665 3925 770 3978 Graeoe
788 3922 879 3977 reddit
904 3919 1065 4001 ἀδόκιμος,
1094 3920 1202 4002 ἀμάρ-

202 4019 311 4076 witot,
339 4000 478 4056 Gemitus
498 4002 666 4076 μυσαχθής
684 3998 858 4080 (μυσαρός.)
898 3997 972 4067 Quid
993 3997 1026 4052 ds
1048 3997 1092 4052 liis
1115 4004 1202 4052 inter-

202 4073 404 4144 pretationibus
436 4074 633 4132 iudicandum?
664 4103 702 4118 -
727 4084 802 4128 metu
826 4081 935 4146 vestro]
962 4075 1046 4126 Estne
1065 4075 1201 4130 ablativus

203 4151 398 4216 instrumenti,
419 4167 471 4217 aa,
493 4149 565 4222 quod
585 4150 696 4205 Cordus
720 4167 794 4206 ratus
816 4168 876 4219 eat,
897 4148 1047 4224 signifieat:
1083 4156 1202 4224 «peior,

203 4239 287 4294 quam
309 4244 358 4283 res
375 4231 499 4284 timetis?
527 4230 579 4299 ari,
607 4241 638 4281 et
662 4227 771 4284 Dureau
790 4227 823 4282 de
844 4227 982 4286 Lammle:
1003 4235 1078 4279 metu
1091 4229 1205 4293 vestre}
